3070 5032
285 419 348 486 180
567 416 854 478 INCERTORVM
876 413 1105 473 LIBRORVM

766 587 910 658 XXXIX

388 721 504 794 Cicero
534 719 623 791 Lael.
653 729 683 804 6,
714 727 755 790 22
788 718 861 812 ‘qui
891 721 1001 810 potest
1030 737 1107 785 esse
1131 716 1215 784 uita
1251 710 1423 789 uitalis,

284 831 321 898 ut
338 827 383 896 ait
397 825 534 910 Ennius,
561 845 647 916 quae
669 845 735 894 non
758 823 791 892 in
814 822 907 892 amici
929 826 1042 892 mutua
1058 817 1324 888 beneuolentia
1347 837 1425 884 con·

286 928 470 1023 quiescatl’

810 1041 870 1111 XL

386 1171 577 1241 Priscianus
595 1169 662 1239 XV
679 1193 711 1262 p.
733 1180 814 1240 1010
828 1171 865 1240 P.
890 1169 919 1260 (l
938 1193 970 1262 p.
986 1179 1045 1240 621
1066 1170 1119 1261 X.)
1149 1167 1321 1238 ‘Ennius
1346 1185 1423 1255 pro·

286 1274 439 1360 tenuiter,
487 1273 667 1366 ignauiter,
711 1272 897 1358 inimiciter,
945 1273 1159 1356 iracunditer,
1207 1268 1423 1361 superbiter,

287 1378 471 1462 temeriter,
496 1375 727 1468 praeclariter,
761 1376 915 1461 toruiter,
943 1377 1084 1467 puriter,
1120 1371 1420 1450 reue-recondita,

289 1480 467 1566 miscriter,
504 1479 727 1570 prosperiter.'

807 1626 881 1697 XLI

392 1760 579 1834 Macrobius
598 1761 667 1832 Sat.
682 1759 723 1830 lll
739 1767 778 1829 12
793 1781 825 1850 p.
836 1759 979 1830 305Jan.
1004 1759 1186 1828 ‘Antonius
1203 1757 1356 1850 Gnipho

291 1866 401 1938 Salios
425 1863 560 1936 Herculi
582 1864 678 1934 datos
700 1862 818 1954 probat
845 1862 879 1931 in
909 1883 949 1932 eo
973 1862 1140 1932 uolumine
1163 1885 1232 1956 quo
1266 1861 1417 1952 disputat

291 1969 369 2062 quid
384 1968 441 2038 'sit
470 1969 623 2051 lestra,
651 1966 741 2058 quod
763 1968 814 2035 est
837 1966 956 2036 ostium
982 1966 1200 2036 minusculum
1225 1967 1267 2036 in
1298 1985 1414 2034 saera·

290 2073 356 2157 rio,
391 2093 458 2164 quo
495 2071 598 2140 uerbo
629 2070 724 2139 etiam
757 2069 884 2139 Ennius
915 2089 997 2139 usus
1034 2070 1104 2138 est’
1161 2071 1309 2140 festra
1343 2067 1410 2135 Par.

289 2175 375 2244 Med.
398 2197 416 2242 c
439 2177 471 2243 et
493 2197 513 2242 a
539 2172 601 2241 nisi
624 2172 714 2264 quod
741 2173 775 2240 in
798 2171 932 2241 hocne
955 2171 1214 2264 superscriptum
1235 2176 1308 2242 est.
1330 2170 1410 2239 idem

291 2277 479 2347 coniectura
515 2278 689 2344 assecutus
725 2278 796 2344 erat
829 2274 981 2368 Scaliger
1014 2275 1056 2344 ad
1093 2275 1239 2345 Festum.
1301 2273 1408 2342 festa
1461 2332 1467 2349 .,

291 2379 405 2450 Bamb.
431 2380 541 2447 leste
569 2376 652 2447 Gud.
680 2379 869 2448 fenestra
895 2378 1020 2448 Med.b
1045 2378 1164 2450 Salisb.
1209 2377 1260 2448 Cf.
1283 2374 1406 2446 Paulus

292 2482 381 2552 Festi
413 2505 445 2572 p.
480 2488 518 2550 91
550 2479 592 2550 Μ.
636 2483 831 2551 ‘lestram
862 2480 985 2575 antiqui
1023 2481 1174 2551 dicebant
1207 2503 1314 2575 quarn
1348 2496 1405 2546 nos

293 2582 493 2655 fenestram!
546 2582 671 2654 Placidi
699 2582 810 2655 Gloss.
843 2585 898 2675 (Α.
926 2585 990 2655 Mai
1020 2588 1104 2654 auct.
1130 2584 1227 2655 class.
1261 2583 1309 2660 ΠΙ
1332 2578 1403 2666 464)

295 2690 501 2771 ‘lestram,
529 2686 726 2756 fenestram!

803 2803 892 2874 XLll

325 2949 331 2964 '
396 2934 535 3004 Seruius
557 2933 591 3003 in
612 2935 697 3004 Aen.
722 2933 828 3005 11651
865 2934 1145 3025 ‘praepositiones
1167 2935 1222 3004 uel
1246 2929 1401 3005 aduerbia

293 3039 326 3108 in
350 3063 371 3109 a
398 3037 552 3108 exeuntia
579 3038 678 3106 modo
697 3038 883 3136 producunt
904 3035 1050 3106 ultimam
1078 3039 1236 3124 litteram,
1261 3037 1398 3125 excepto

294 3147 393 3233 puta
412 3142 536 3227 etita,
559 3163 643 3233 quae
662 3140 749 3231 apud
765 3139 906 3210 Ennium
925 3140 957 3207 ct
972 3138 1153 3211 Pacuuium
1171 3142 1285 3212 breuia
1309 3133 1398 3210 sunt'
1466 3207 1467 3210 ,

801 3304 903 3375 XLlll

397 3439 523 3508 Paulus
552 3439 642 3509 Festi
670 3462 702 3529 p.
730 3448 771 3509 62
799 3438 841 3507 M.
878 3436 1154 3529 ‘corpulentis
1183 3438 1311 3508 Ennius
1344 3451 1395 3526 pro
1466 3461 1467 3473 ¹

293 3542 424 3634 magnis
443 3541 543 3612 dixit’
986 3575 989 3582 =

795 3639 905 3711 XLlV

398 3775 524 3845 Paulus
550 3775 638 3845 Festi
666 3798 698 3865 p.
729 3784 785 3844 111
810 3774 852 3843 M.
887 3773 1041 3867 ‘inseque
1066 3774 1153 3864 apud
1179 3775 1321 3844 Ennium
1343 3770 1395 3841 dic.

297 3875 457 3947 insexit
478 3879 616 3948 dixerit?
657 3876 706 3948 Gi.
723 3877 810 3946 Ann.
827 3875 859 3946 X
880 3876 953 3945 sr.l

798 4042 898 4132 ,xiv

398 4171 523 4244 Paulus
551 4172 640 4244 Festi
668 4199 699 4266 p.
727 4185 768 4247 59
794 4176 836 4244 M.
872 4176 1128 4246 ‘crebrisuro
1154 4177 1243 4268 apud
1265 4177 1392 4248 Ennium

297 4273 463 4378 significat
479 4275 602 4345 uallum
613 4297 615 4302 ·
626 4279 749 4348 crebris
761 4278 911 4371 'surisid
930 4282 981 4348 est
1000 4279 1084 4368 palis
1103 4279 1282 4350 munitum?
