2984 5032
258 399 335 448 xm
656 391 966 462 QVAESTIONES

261 556 406 620 uideatur:
436 575 520 638 qnam
545 573 606 619 rem
634 576 672 619 ne
694 557 830 620 subtilior
856 559 971 640 quidem
998 562 1028 621 in
1055 562 1113 622 hoc
1141 569 1260 640 genere
1289 568 1382 641 polita

261 665 410 744 Vergilius
432 665 587 742 deuitauit‚
610 666 659 744 qui
674 664 747 726 Aen.
763 666 804 728 Vl
823 666 902 744 723,
925 686 1010 747 quam
1024 669 1122 730 locum
1136 669 1292 747 llhergius
1309 655 1381 729 indi·

179 767 182 774 '
262 773 340 835 cauit
362 791 390 854 p.
409 769 465 848 17,
492 771 647 833 Anchisam
669 772 859 834 descendenti
875 774 911 835 ad
926 775 1036 837 inferos
1051 777 1172 838 Aeneae
1185 775 1264 838 iacit
1281 791 1381 853 prom·

263 889 340 963 ptam
359 899 377 942 e
397 888 498 942 natura
522 897 618 941 rerum
640 881 809 960 sapientium
831 899 977 944 enarrare.
1013 883 1059 943 An
1080 892 1138 944 tam
1160 886 1296 964 ineptam
1320 897 1382 941 rem

263 989 372 1051 Ennius
390 987 468 1067 egit,
492 987 569 1066 quod
592 989 671 1067 prius
691 1006 774 1069 quam
793 988 829 1050 ad
849 1007 985 1052 summam
1004 992 1186 1066 sententiam,
1214 991 1382 1049 animarum

264 1097 500 1172 translationem,
528 1094 701 1171 accederet,
730 1097 817 1176 paulo
840 1116 928 1178 supra
947 1107 1086 1177 repetens
1107 1096 1203 1157 mundi
1232 1095 1382 1174 originem

265 1203 480 1284 animarumque
500 1211 629 1263 naturam
653 1201 837 1281 exponeret?
864 1205 901 1265 Et
923 1205 1068 1265 annalium
1087 1206 1112 1264 si
1134 1222 1192 1264 nan
1216 1211 1290 1262 sunt
1314 1219 1381 1262 ner·
1406 1275 1407 1280 γ

266 1327 315 1370 sus
329 1310 382 1388 illi,
404 1311 450 1371 cui
466 1311 580 1372 tandem
596 1312 714 1371 carmini
728 1307 889 1371 infercias‘l
910 1309 957 1371 De
971 1311 1159 1391 Epicharmo,
1174 1309 1382 1391 philosophae

265 1417 416 1479 doctrinae
433 1417 547 1495 dicato,
578 1418 711 1498 quoniam
733 1413 899 1495 Epicharmi
921 1435 1042 1494 uersus,
1066 1419 1109 1479 illi
1130 1418 1251 1498 quidem
1272 1419 1324 1497 qui
1345 1433 1382 1476 ex

265 1523 440 1604 Epicharmo
461 1527 630 1588 adferuntur
651 1524 778 1601 diserte,
806 1541 926 1584 numero
948 1525 1098 1586 trochaico
1119 1527 1301 1602 decurrunt,
1326 1539 1383 1582 non

265 1631 393 1694 debebat
415 1635 529 1694 omnino
552 1631 690 1709 cogitari:
716 1631 771 1691 nisi
784 1631 826 1708 is,
851 1634 898 1692 cui
911 1633 976 1694 iere
989 1632 1132 1694 debentur
1144 1633 1329 1712 superstites
1345 1648 1381 1690 ex

265 1739 323 1801 hoc
343 1759 455 1818 genere
470 1757 591 1816 uersus,
622 1737 716 1798 Varro
734 1736 921 1798 hexametros
939 1739 1007 1799 illos
1029 1741 1110 1820 ipsos
1129 1757 1203 1820 quos
1222 1739 1382 1810 Lucretius

265 1845 418 1907 uidebatur
434 1845 584 1907 annalibus
600 1845 716 1905 tradere
733 1863 868 1906 unacum
884 1845 1018 1908 uersibus
1033 1849 1191 1911 trochaicis
1204 1867 1244 1908 ex
1261 1847 1380 1920 eodem,

265 1960 297 2013 ut
317 1961 434 2032 putent,
462 1952 637 2034 Epicharmo
657 1951 828 2012 rettulisset.
873 1952 1007 2032 Adposui
1029 1957 1119 2034 inira,
1148 1964 1179 2016 ut
1196 1955 1381 2033 intelligatur

267 2059 406 2140 quidhoc
421 2063 464 2123 rei
481 2061 533 2138 sit,
554 2060 695 2121 Varronis
710 2057 824 2137 integra
840 2059 930 2120 uerba
945 2059 998 2141 (de
1013 2060 1044 2122 b.
1062 2060 1093 2122 b.
1111 2062 1137 2122 V
1152 2063 1192 2124 59
1208 2062 1287 2144 hl.):
1311 2067 1381 2122 hoec

242 2153 320 2226 ¹dum
345 2171 451 2228 coemant
477 2179 503 2229 et
530 2177 608 2229 terro
634 2171 708 2245 meod
734 2173 828 2228 onina
857 2177 884 2229 et
912 2187 1014 2246 corpas
1040 2173 1161 2230 umidum
1188 2181 1214 2231 et
1242 2173 1381 2248 stupidum

269 2283 346 2333 tarra
358 2280 418 2334 sius
431 2295 485 2336 ooo
495 2275 597 2354 pora‘re
606 2281 674 2336 solet
685 2294 772 2352 penus
782 2283 883 2352 pennas
897 2277 1116 2350 condecoratam,
1130 2297 1186 2338 non
1200 2285 1338 2349 mmmmm,
1353 2284 1382 2335 ot

268 2387 308 2441 cit
327 2385 449 2458 Ennius,
480 2392 587 2462 etpost
607 2385 672 2442 inde
697 2389 773 2443 accit
798 2388 927 2446 diuinitus
951 2386 1036 2460 pullis
1063 2389 1127 2461 ipssa
1148 2390 1244 2446 ακῖκτα
1271 2390 1333 2445 siste
1353 2389 1381 2441 nt

269 2491 363 2551 Zenon
385 2495 484 2553 Citieus
505 2496 665 2553 animalium
686 2509 778 2550 semen
799 2496 871 2568 tynis
891 2496 915 2550 is
939 2496 987 2568 qui
1006 2497 1098 2551 ακὶκτα
1126 2512 1161 2552 oc
1189 2509 1280 2552 meam.
1330 2493 1383 2561 Qui

270 2603 368 2660 caldor
387 2619 402 2660 e
421 2607 497 2662 coelo
520 2605 593 2678 qood
614 2603 658 2659 hic
683 2601 894 2660 innumerabiles
919 2619 954 2658 oe
981 2604 1140 2661 inmortales
1164 2606 1257 2682 &asaf
1290 2605 1381 2674 inne

271 2709 561 2782 Epicharmusdc
575 2709 800 2768 mentebomono
816 2709 881 2767 onir
896 2713 1036 2768 isticcat
1050 2711 1155 2768 desole
1170 2719 1299 2784 sumptos
1312 2709 1380 2783 τῃκίτ

246 2803 260 2872 ”.
271 2817 301 2873 id
321 2823 363 2874 est
380 2819 423 2874 sol
444 2823 485 2876 est
503 2819 580 2892 isque
595 2823 664 2874 tutus
680 2819 776 2874 menda
790 2823 839 2875 est.
877 2812 990 2874 Etenim
1006 2813 1171 2874 dirimentes
1187 2833 1203 2874 a
1219 2833 1310 2874 uersu
1327 2827 1379 2871 suo

271 2927 331 2981 istic
352 2938 513 3001 pronomen
534 2938 598 2982 cum
620 2918 786 3000 Epicharmi
808 2922 923 2982 nomine
946 2920 1095 2980 nouissimi
1113 2922 1228 2999 quidem
1249 2922 1379 2982 editores

273 3029 460 3107 coniungunt,
483 3045 541 3108 qao
564 3027 733 3108 superiores
749 3045 852 3086 uersus
867 3025 1054 3087 hexametros
1070 3047 1108 3088 ex
1124 3027 1254 3088 eiusdem
1271 3034 1379 3109 poetae

269 3134 360 3197 Siculi
381 3150 433 3196 ore
456 3133 575 3196 fluxisse
598 3134 785 3213 significetur.
823 3131 862 3192 bt
883 3131 959 3194 hunc
980 3134 1059 3194 nihili
1082 3153 1150 3196 esse
1176 3144 1282 3195 testem
1299 3138 1379 3196 certa

273 3263 377 3307 uersus
391 3241 602 3323 interpolatrici
616 3261 700 3302 manu
712 3239 787 3302 male
799 3241 944 3301 attrectati
957 3243 1119 3305 emendatio
1133 3242 1274 3303 ostendit:
1294 3255 1378 3320 mern

275 3371 339 3414 cum
360 3351 495 3429 Scaliger
523 3351 591 3411 olim
620 3334 649 3410 i'n
676 3352 751 3412 huuc
776 3349 891 3410 modurn
916 3357 1087 3440 purgasset:
1114 3356 1175 3410 istic
1201 3359 1241 3408 est
1270 3353 1306 3409 de
1323 3349 1379 3406 sole

272 3468 397 3538 sumptus
417 3462 488 3536 ipms
507 3464 584 3534 nque
603 3462 699 3516 menas
720 3467 770 3535 est,
791 3455 879 3536 paulo
897 3453 1077 3535 probabilius
1091 3456 1234 3534 Berghius
1257 3455 1277 3514 l.
1298 3452 1317 3512 l.
1340 3450 1378 3508 ita

274 3571 303 3630 in
324 3567 473 3647 pristinam
495 3561 625 3643 speciem
645 3563 770 3623 restituit
792 3580 886 3623 suam:
908 3568 967 3623 istic
985 3571 1025 3623 eat
1046 3567 1151 3622 desole
1166 3566 1378 3639 compassioque

275 3684 344 3737 toton
365 3678 530 3734 mactasset.
563 3670 601 3731 At
622 3669 716 3731 eidem
737 3669 780 3731 illi
803 3670 839 3731 de
862 3667 964 3750 quibus
979 3679 1084 3728 sermo
1105 3677 1152 3728 est
1171 3654 1275 3728 uersus
1289 3666 1376 3726 hexa-

274 3783 357 3843 metri
373 3779 542 3860 quibusdam
559 3781 695 3859 expressi
710 3778 881 3840 uidebantur
898 3796 936 3838 ex
952 3776 997 3838 his
1009 3776 1130 3837 Graecis
1142 3791 1216 3854 quus
1228 3773 1377 3850 Diogenes

276 3887 407 3950 Laertius
429 3885 486 3967 (lll
510 3886 548 3946 12
569 3905 597 3968 p.
621 3885 661 3946 72
686 3885 731 3947 ed.
751 3885 834 3965 Did.)
857 3885 985 3946 seruauit
1006 3881 1187 3963 Epicharmi:

441 4003 572 4090 Ε’κῗματε,
593 3999 625 4072 τὸ
649 4001 743 4089 σοφόν
764 4006 843 4070 ἔστιν
864 3999 899 4071 οὗ
921 3997 996 4071 καθ’
1015 4007 1052 4068 ‘iv
1072 4001 1174 4086 μόνον,

443 4101 510 4174 o'tld’
534 4103 631 4175 ὁπόσα
651 4133 706 4194 περ
725 4115 776 4196 ζῇ,
802 4103 899 4174 πάντα
920 4109 972 4173 καὶ
994 4102 1116 4192 γνώμαν
1138 4106 1203 4189 ἔχει.

441 4211 492 4276 καὶ
511 4205 569 4297 γὰρ
588 4206 618 4277 τὸ
640 4219 722 4296 θῆλυ
743 4219 798 4277 τᾶν
818 4205 1012 4295 ἀλεκτορίδων
1033 4211 1125 4293 γένος,

322 4313 326 4322 ’
443 4317 475 4381 αἰ
497 4321 548 4401 λῇς
570 4321 756 4397 καταμαθεῖν
776 4307 888 4395 ἀτενές,
910 4307 945 4377 οὗ
967 4316 1054 4377 τίκτει
1075 4311 1164 4375 τέκνα
