2984 5048
459 489 465 496 ·
562 469 805 540 RELIQVIAE
1176 467 1236 532 157

631 637 736 707 Vlll*

234 758 354 826 Suidas
374 779 400 825 S.
421 780 454 824 u.
470 747 625 840 Ἔννιοςε
652 748 792 838 Ἕννιος
810 747 981 842 Ῥωμαῖος
1003 749 1164 850 ποιητής·
1197 749 1240 826 ὃν

23 877 24 908 ³
116 853 291 944 Αίλιανός
317 862 464 928 ἐπαινεῖν
481 850 589 948 ἄξιόν
618 871 715 952 φησι.
760 859 940 925 Σκιπίωνα
967 852 1032 950 γὰρ
1061 852 1156 951 ᾆδον
1183 855 1241 930 καὶ

117 963 183 1030 ἐπὶ
212 963 296 1054 μέγα
326 959 443 1052 ἐξᾶραι
470 954 533 1030 τὸν
559 954 669 1052 ἄνδρα
698 951 915 1050 βουλόμενός
942 975 1030 1052 φησι
1060 956 1171 1050 μόνον
1198 955 1241 1032 ile
1294 1042 1301 1062 ι

23 1077 25 1118 ἲ
109 1058 280 1156 Ὅμηρον
305 1060 471 1149 ἐπαξίονς
501 1065 668 1146 ἐπαννους
694 1064 800 1130 εἰπεῖν
823 1063 1037 1146 Σκιπίωνος·
1072 1067 1180 1157 δῆλον
1204 1065 1241 1134 δὲ

121 1160 176 1250 ὡς
197 1159 354 1259 ἐτεθήπεα
371 1170 438 1235 τοῦ
456 1169 607 1259 ποιητοῦ
625 1157 688 1258 τὴν
705 1157 931 1256 μεγαλόνοιαν
948 1166 1005 1233 καὶ
1022 1169 1242 1257 τῶνμιίρων
1270 1200 1274 1209 =

121 1262 167 1338 τὰ
190 1274 368 1361 μεγαλεῖον
385 1269 443 1338 καὶ
465 1261 679 1361 ἄξιάγαστον.

334 1483 336 1488 2
650 1418 726 1489 IX*

235 1537 300 1606 Vel
322 1542 358 1605 tu
381 1538 520 1606 dictator
542 1536 596 1606 uel
619 1557 780 1628 equorum
800 1535 1012 1627 equitumque
1033 1537 1193 1628 magister

235 1641 316 1709 Esto
338 1641 389 1709 uel
412 1640 528 1710 consul
671 1739 703 1808 X

168 1867 210 1928 20
238 1859 359 1928 Desine
379 1861 485 1931 Roma
501 1863 578 1945 tuos
596 1856 702 1926 hostis

557 1995 573 2028 >tt
799 1991 814 2028 ss

677 2051 693 2085 ιι

236 2131 317 2198 Nem
339 2131 396 2200 tibi
418 2132 617 2200 munimenta
637 2131 698 2200 mei
717 2152 876 2221 peperere
899 2130 1029 2200 labores

560 2267 576 2304 ’l‘
803 2265 817 2301 ’l

681 2324 697 2360 t<

758 2406 862 2470 testes
885 2407 962 2470 sunt

237 2503 308 2573 Lati
332 2505 453 2595 campi,
485 2527 570 2597 quos
591 2506 678 2596 gerit
703 2505 814 2572 Africa
834 2509 922 2573 terra
944 2505 1075 2594 politos

138 2705 213 2754 ‘dicit
226 2701 322 2754 Ennius
338 2708 370 2756 de
385 2705 520 2771 Scipione:
539 2706 674 2769 quentem'
694 2721 716 2754 e.
732 2721 757 2768 q.
773 2721 794 2754 s
867 2706 903 2755 lX
922 2707 1015 2756 Paulus
1028 2708 1096 2758 Festi
1109 2724 1135 2774 p.
1149 2709 1199 2761 369
1212 2711 1246 2762 Μ.

139 2774 203 2823 ‘uel
223 2775 352 2840 colligatio
374 2777 477 2838 quidem
491 2785 528 2825 est
542 2776 697 2825 disiunctiua
782 2777 881 2824 earum’
906 2776 1018 2842 (rerum)
1037 2815 1042 2826 .
1059 2816 1086 2828 ..
1112 2781 1248 2842 ‘equibus

139 2859 201 2905 quae
218 2844 340 2908 eligetur,
359 2846 423 2894 nihil
439 2848 568 2905 interest,
587 2854 614 2894 ut
628 2846 737 2894 Ennius:
758 2845 810 2894 uel'
831 2863 853 2895 e.
876 2863 900 2908 q.
923 2863 944 2895 s.
973 2847 1040 2896 Haec
1054 2849 1087 2898 ad
1101 2847 1248 2914 Scipionem

139 2914 263 2977 pertinere
282 2914 379 2964 Merula
394 2916 478 2974 uidit,
503 2916 546 2977 qui
566 2930 596 2964 ea
613 2929 679 2963 nono
700 2915 838 2964 Annalium
857 2917 990 2982 ascripsit,
1020 2917 1127 2968 sortasse
1148 2928 1213 2968 reete

173 2982 197 3030 X
215 2982 303 3032 Cicero
325 2985 357 3033 de
370 2993 433 3034 orat.
449 2985 485 3034 lll
499 2986 543 3044 42,
560 2984 609 3035 lor
625 2984 746 3033 ‘ornandi
765 3000 842 3034 oense
859 2988 992 3051 proprium
1012 2989 1122 3053 proprio
1136 3003 1249 3039 commu-

140 3059 229 3100 tatum:
250 3053 363 3102 desine
432 3055 555 3112 hostis;
575 3063 613 3103 et:
634 3061 737 3103 testes
752 3063 824 3103 sunt
839 3058 1086 3122 cumpimegni'
1117 3058 1209 3123 (Deest
1222 3059 1248 3108 in

141 3121 190 3169 Erl.
204 3122 467 3176 u,tlesineRomu
487 3133 558 3173 tuos
576 3121 695 3189 ΨΜ]
715 3133 791 3172 sunt
806 3127 909 3190 campi
928 3125 1046 3190 Αἰνείαο.)
1073 3128 1143 3177 Idem
1159 3129 1191 3178 de
1203 3128 1246 3176 lin.

142 3191 163 3238 ll
178 3189 217 3250 31²,
237 3191 287 3242 loo
315 3194 415 3256 *itaque
434 3194 532 3244 beatior
547 3193 683 3243 Africanus
703 3209 759 3242 eum
781 3197 865 3259 patrie
886 3195 930 3244 illo
950 3196 1025 3244 modo
1046 3196 1165 3259 loquens:
1193 3199 1249 3248 de-

141 3261 208 3324 sine
234 3279 271 3310 .:.
298 3263 418 3322 hostis;
446 3264 594 3327 reliquaque
618 3263 758 3328 praeclare.
796 3263 869 3312 Num
960 3265 1110 3315 labores.'
1151 3266 1248 3316 Nonius

142 3346 166 3394 p.
180 3330 221 3388 66,
237 3332 270 3380 25
295 3333 506 3398 ‘politiones,
527 3347 646 3399 agrorum
669 3332 751 3381 cultus
770 3332 919 3398 diligentes,
939 3341 966 3383 ut
980 3335 1061 3398 polite
1080 3336 1165 3389 urnula
1186 3337 1250 3386 dioi-

144 3415 195 3448 mus
208 3401 309 3452 exculte
327 3411 350 3452 et
371 3403 404 3452 ud
419 3405 525 3452 nitorem
545 3403 662 3452 deducta.
691 3403 787 3452 Ennius
801 3412 943 3467 satyrarum
962 3404 1006 3454 lib.
1023 3407 1072 3454 lll:
1093 3414 1193 3456 testes

145 3469 281 3533 politos!
318 3472 356 3519 Ab
380 3473 429 3521 hoo
451 3489 527 3521 uersu
550 3487 600 3521 non
621 3473 749 3521 diuersam
770 3488 826 3521 esse
845 3474 915 3523 illam
938 3490 1013 3536 quum
1034 3475 1148 3525 Ciceroni
1172 3477 1249 3525 debe-

145 3553 196 3585 mus
214 3539 376 3603 partieulum·
386 3549 443 3605 post
459 3541 617 3591 Bondemum
630 3543 691 3590 Ver.
704 3542 765 3591 Leot
790 3543 812 3590 ll
833 3541 862 3592 14
885 3543 1022 3594 Lersohius
1042 3545 1168 3594 intellexit
1182 3545 1246 3594 Mus.

146 3605 220 3654 Rhen.
235 3609 259 3656 V
271 3609 336 3666 421,
355 3625 507 3672 quamquem
525 3624 611 3659 eorum
625 3618 713 3659 neuter
729 3610 796 3672 quod
810 3627 898 3660 uerum
915 3622 952 3662 est
966 3615 1067 3677 penitus
1082 3617 1215 3679 perspexit

184 3787 217 3838 20
239 3782 326 3836 hostis
348 3785 412 3837 libri
425 3785 563 3855 plerique]
588 3783 683 3839 hostes
701 3787 800 3855 pauci,
825 3802 877 3841 om.
895 3788 1008 3842 Atrine.
1030 3788 1064 3843 cle
1079 3806 1136 3853 or.,
1160 3806 1187 3842 α.
1205 3803 1249 3844 su-

53 3893 55 3897 ·
143 3885 193 3938 pro
278 3867 375 3922 hostes
396 3869 511 3922 horrere
535 3871 672 3939 superbos
693 3871 783 3924 nescio
802 3872 851 3940 qui
870 3873 947 3943 opud
966 3872 1131 3928 Columnam.
1154 3881 1250 3944 postes
1337 3907 1339 3912 ·

148 3969 238 4006 ornare
256 3955 378 4022 tropaeis
395 3952 519 4025 Souliyrr
533 3954 618 4009 Calui.
629 3970 663 4024 p.
679 3960 739 4018 mo,
756 3953 794 4026 cs.
809 3957 923 4010 eundem
939 3958 977 4011 ad
987 3956 1085 4012 Manil.
1098 3957 1118 4011 I
1122 3957 1148 4012 V
1160 3962 1207 4017 179

183 4044 209 4094 ‘21
242 4053 303 4091 nem
326 4037 384 4091 Erl.
408 4037 484 4108 Spir.
510 4055 629 4109 nomque
653 4041 738 4094 reteri
830 4041 1000 4096 munimenta
1027 4041 1153 4098 Muretus
1181 4042 1249 4097 Vur.

149 4121 212 4176 lect.
226 4122 275 4176 XI
288 4130 313 4180 1.
330 4123 497 4177 monimenta
513 4123 567 4176 Pul
588 4141 605 4176 α
622 4123 691 4178 ouo.
705 4122 720 4176 b
736 4123 813 4193 Splr.
835 4134 1015 4182 monumenta
1035 4131 1120 4182 reteri
1203 4147 1251 4199 pe-

151 4223 238 4275 perere
257 4208 317 4262 Erl.
334 4206 397 4261 Pal.
414 4208 438 4262 b.
460 4224 592 4278 reperere
606 4207 677 4261 Pur.
691 4207 794 4262 Monac
820 4226 970 4282 repperere
986 4210 1046 4267 Pul.
1061 4231 1088 4266 u.
1107 4213 1249 4282 reperiere

151 4290 215 4345 leid.
299 4297 504 4350 mustosom.
523 4291 911 4366 Gud.eAbrinc.,u.spprn
997 4302 1031 4356 23
1047 4299 1136 4367 campi
1155 4299 1249 4368 nrugni
1325 4354 1327 4359 ,

151 4373 233 4430 Cicero
320 4381 404 4430 testes
420 4384 483 4432 sunl
499 4377 588 4447 oanrpi
606 4393 677 4447 quos
694 4377 728 4430 Α.
745 4383 763 4431 t.
779 4394 805 4446 p.
824 4380 884 4450 ipsu
901 4381 972 4452 gerit
987 4383 1047 4437 rod.
1062 4381 1178 4436 Doruill.
