3112 5040
247 480 291 528 xc
631 469 944 539 QVAESTIONES

246 636 334 696 tentia
360 651 410 692 soa
434 633 470 692 ab
494 633 607 693 illorum
621 623 788 712 ⁴argumenti
811 633 974 710 granditate
997 635 1141 692 remoueri
1170 631 1357 706 uidebantur,

248 741 285 800 ci.
308 741 344 802 lr.
365 737 427 798 Vll.
451 737 501 796 IX.
527 736 563 797 X.

334 845 473 903 Seorsum
504 843 645 901 asaturis
675 844 936 920 epigrammata
967 844 1066 920 posui,
1097 860 1217 920 quorum
1238 843 1295 901 duo
1314 843 1356 900 de

247 950 386 1028 Scipione
408 948 485 1008 elata
509 945 559 1023 (ll.
583 945 637 1025 Ill)
660 946 770 1024 llugius
796 949 877 1006 iussit
901 948 927 1005 ei
950 956 1066 1008 saturae
1092 951 1137 1008 cui
1163 949 1353 1026 000801010-

247 1073 312 1114 nem
325 1054 533 1113 uindicauimus
549 1051 665 1110 ascribi.
712 1052 808 1130 Atque
825 1052 899 1113 haec
919 1054 1049 1112 encomia
1062 1055 1208 1133 Scipionis
1224 1055 1354 1133 quamuis

247 1163 301 1221 iam
320 1159 388 1218 olim
402 1156 539 1217 Pithoeus
552 1156 627 1217 ndu.
643 1157 656 1217 l
674 1158 707 1216 11
722 1159 812 1219 uellet
829 1175 891 1218 cum
910 1167 963 1216 001.
976 1156 1015 1217 Ill
1027 1159 1062 1218 lr.
1075 1158 1103 1217 X
1115 1162 1246 1233 conecti,
1259 1171 1353 1220 tamen

248 1265 315 1344 quid
337 1261 503 1341 inpediebat
520 1270 638 1340 poe'tam
661 1281 718 1341 quo
740 1265 832 1321 minus
852 1274 933 1324 extra
953 1265 1094 1341 longioris
1116 1267 1249 1325 carminis
1271 1275 1350 1324 teno-

247 1389 306 1431 rem
329 1369 442 1447 singula
466 1369 606 1446 quaedam
628 1371 834 1446 epigrammata
853 1367 988 1430 luderet‘.l
1009 1369 1040 1428 In
1063 1378 1229 1430 transcursu
1247 1389 1351 1430 moneo

245 1479 319 1537 lranc
346 1494 383 1535 ex
413 1476 626 1553 epigrammatis
650 1480 819 1536 sententiam
847 1497 925 1536 acmo
952 1495 995 1534 mc
1015 1482 1147 1536 lacrumis
1168 1483 1277 1536 decoret
1303 1497 1352 1536 uec

244 1587 349 1659 funcra
366 1587 432 1656 fletu
453 1584 547 1651 Facit,
570 1587 640 1636 cur?
667 1585 747 1638 uoiito
764 1585 845 1638 uiuus
864 1599 918 1656 per
937 1605 988 1641 ora
1000 1589 1106 1656 uirum,
1129 1583 1220 1642 uideri
1240 1603 1256 1641 e
1274 1582 1350 1641 111100-

246 1705 346 1748 nermo
363 1693 450 1765 potita
475 1683 609 1759 elegiaco
632 1683 842 1761 depromptam.
877 1685 1027 1746 Meliorem
1051 1689 1124 1746 enim
1142 1689 1249 1749 Cicero
1272 1688 1349 1767 (Cat.

245 1795 310 1854 mai.
335 1792 391 1865 20,
417 1770 456 1848 73
486 1798 515 1847 et
538 1786 624 1846 Tusc.
649 1788 722 1866 disp.
747 1789 759 1848 Ι
785 1789 842 1865 49,
871 1793 947 1871 117)
976 1793 1014 1850 011
1037 1793 1115 1851 illam
1138 1775 1221 1852 Ennii
1246 1795 1350 1853 oratio·

246 1915 311 1955 nent
332 1912 400 1954 esse
423 1912 505 1971 qnam
529 1893 646 1952 Solonis
671 1913 745 1953 mors
767 1915 827 1954 mec
851 1917 885 1956 uc
907 1908 1004 1957 curcul
1029 1903 1175 1958 lacrumis.-
1200 1905 1352 1975 linquamus

248 2008 344 2062 amicis
365 2003 524 2059 Maurorum
547 2011 576 2058 ut
595 2003 731 2058 celebrent
750 2003 854 2073 funcra
877 2023 939 2062 cum
955 2009 1063 2078 gemitu.
1095 2003 1207 2082 Nempe
1228 2006 1265 2062 ita
1286 2021 1351 2062 000-

246 2107 333 2168 uertit
358 2103 464 2164 Cicero
488 2105 606 2164 Solonis
629 2103 756 2180 elegiam
778 2107 854 2182 quod
879 2106 992 2166 Graece
1016 2096 1123 2184 legitur
1145 2110 1222 2188 0001
1246 2110 1351 2168 Ρ10100-

246 2213 329 2273 chum
353 2213 380 2268 in
404 2225 499 2286 comp.
516 2210 633 2268 Solonis
657 2219 686 2267 et
709 2209 878 2270 Publicolae
906 2213 919 2269 1
944 2217 1005 2282 τοῖς
1025 2211 1091 2293 περὶ
1106 2214 1285 2297 Μίμνερμον
1301 2206 1351 2274 ἆν-

238 2299 352 2377 ’τειπῶν
367 2313 433 2393 scapi
445 2310 552 2394 χρόνον
564 2303 639 2392 ζωῆς
653 2308 871 2393 ἐπιπεφώνηκε·
895 2312 968 2394 μηδέ
981 2339 1030 2394 μοι
1046 2312 1208 2392 ἄκλαυστος
1222 2315 1353 2392 θάνατος

245 2418 343 2501 μόλοι,
365 2412 440 2481 ciii-b
462 2421 572 2497 φίλοισι
590 2415 755 2499 Ποιήσαιμι
768 2412 875 2480 baubo
896 2413 986 2497 111000
1012 2418 1062 2480 uui
1086 2417 1237 2502 στοναχάς.
1275 2424 1352 2484 111100-

246 2530 337 2588 nermi
359 2527 528 2600 distichum,
559 2527 604 2584 cui
625 2525 699 2584 haec
722 2524 794 2584 8010
808 2526 973 2601 respondit,
996 2543 1053 2583 non
1073 2537 1168 2603 extat,
1192 2529 1273 2588 cuius
1290 2549 1352 2588 sen·

246 2651 307 2693 sum
325 2643 420 2692 tamen
438 2631 512 2690 haud
533 2631 619 2690 dubie
638 2630 746 2689 Ennius
767 2631 928 2707 expressit:
947 2639 977 2688 nt
993 2629 1099 2690 Cicero
1119 2650 1172 2710 pro
1186 2633 1351 2694 llimnermo

245 2738 404 2797 Romanum
432 2743 549 2813 potitam
573 2735 673 2794 801001
705 2751 882 2812 componere
908 2739 1043 2812 potuerit.
1087 2737 1132 2798 Gi.
1164 2739 1227 2798 Nic.
1255 2741 1352 2801 Bachii

246 2843 365 2916 Quaest.
383 2842 508 2917 elegiao.
533 2840 658 2917 (Fatuae
681 2839 775 2920 1839)
800 2859 828 2918 0.
849 2841 878 2898 5.

330 2949 452 3006 80100
478 2944 599 3003 Ennium
627 2945 784 3023 scripsisse
810 2945 949 3004 Varronis
982 2944 1034 3021 (10
1060 2945 1091 3005 t.
1120 2945 1151 3006 t.
1182 2948 1208 3006 V
1236 2951 1276 3012 62
1298 2951 1350 3032 tt.)

244 3053 382 3131 Festiqus
413 3051 458 3130 (p.
487 3049 548 3109 356
576 3049 631 3127 ll.)
668 3045 829 3108 consensus
859 3051 960 3109 euicit:
985 3069 1049 3110 cum
1075 3053 1141 3112 olim
1171 3055 1208 3114 10
1236 3056 1351 3116 010010

247 3160 410 3235 cogitarent
441 3167 469 3216 01
490 3155 624 3230 Scaliger
649 3155 677 3212 in
698 3154 858 3214 Varronem
888 3165 917 3214 et
943 3155 1058 3216 Festum
1082 3158 1259 3220 Sotadica
1282 3165 1351 3221 intu-

245 3265 336 3326 lisset.
380 3264 425 3322 De
456 3262 570 3320 nomine
599 3261 733 3319 carminis
758 3261 832 3320 haec
861 3259 895 3322 ll.
923 3259 1082 3321 Muellerus
1116 3265 1152 3323 ad
1178 3264 1294 3326 Festum
1325 3287 1351 3346 p.

245 3368 306 3429 413
325 3367 487 3428 adnotanit:
509 3365 598 3424 ‘Sota
620 3364 733 3424 Graece
751 3374 797 3423 est
815 3367 928 3442 Σωτᾶς,
944 3377 1011 3428 0010
1030 3370 1240 3448 hypocoristioi
1262 3373 1353 3433 lorma

245 3489 298 3550 pro
328 3471 451 3549 pleniori
474 3462 615 3546 Σωτάδης
646 3471 793 3546 positum,
825 3481 854 3529 ut
885 3467 1001 3548 Ἀλεξᾶς
1026 3492 1079 3552 000
1105 3466 1297 3557 Ἀλέξανδρος
1326 3487 1354 3536 01

137 3560 139 3565 ’
180 3601 181 3606 “
244 3575 330 3635 molta
354 3574 388 3634 ad
410 3575 531 3634 eundem
550 3573 663 3634 modum
684 3575 831 3634 formata?
872 3578 997 3638 Sotades
1017 3587 1121 3658 posta,
1145 3580 1242 3657 00010
1264 3581 1352 3640 Rern-

157 3675 161 3686 '
243 3681 383 3756 hardpum
409 3680 456 3738 adi
484 3680 547 3740 tto.
580 3679 685 3740 Graec.
716 3680 742 3739 ll
779 3699 807 3759 p.
838 3680 918 3758 920,
953 3685 1028 3761 apud
1058 3693 1177 3744 ueteres
1206 3687 1353 3744 acerrimis

244 3785 353 3846 salibus
387 3793 415 3844 et
449 3788 523 3846 iacta
555 3787 583 3843 in
616 3803 729 3846 omnem
763 3787 925 3865 aequalium
959 3792 1129 3867 prauitatem
1167 3788 1352 3848 cauillatione

155 3961 156 3964 Ἴ
244 3909 300 3968 000
329 3909 364 3948 00
388 3909 476 3966 reges
505 3891 621 3968 quidem
645 3891 810 3968 excipiebat
832 3893 961 3968 insignis.
996 3893 1096 3972 Aqua
1121 3895 1272 3953 seueriore
1294 3911 1353 3954 mo·

244 4013 304 4054 ram
328 4013 451 4056 censura
477 4015 541 4056 cum
570 3995 678 4054 Ennius
708 3998 822 4055 omnino
849 3997 926 4073 quod
957 4015 1043 4076 supra
1072 3999 1153 4076 tetigi
1180 3998 1353 4058 abstinuisse

245 4101 392 4175 uideatur,
427 4110 485 4160 tum
509 4101 623 4160 modum
653 4119 688 4160 ao
718 4116 818 4160 munus
853 4089 969 4162 Sotadis
1000 4103 1086 4162 ualde
1115 4103 1152 4163 ab
1177 4104 1234 4163 lroc
1264 4112 1353 4182 potita

244 4205 367 4266 alienum
402 4207 546 4266 existimo.
591 4205 630 4264 At
661 4224 725 4266 cum
756 4205 899 4281 Sotades,
929 4207 1005 4284 0001
1030 4225 1046 4266 0
1067 4207 1199 4288 reliquiis
1230 4209 1352 4268 maxima

245 4310 281 4370 ab
309 4309 415 4371 Ioanne
444 4310 573 4371 stobaeo
606 4311 730 4370 seruatis
770 4311 907 4389 adparet,
936 4311 1119 4372 multifariam
1142 4315 1255 4391 0000100
1273 4331 1353 4372 suarn
