3112 5040
700 417 932 476 ANNllLlVbl

798 586 845 656 lX

432 769 440 785 .
495 692 666 786 mortalem
687 675 850 788 summurn
871 719 1004 788 fortuna
1022 721 1157 809 repente

370 818 540 905 Reddidit,
567 841 586 888 e
605 841 734 889 summo
758 843 864 914 regno
887 825 923 890 nt
944 820 1045 919 lamnl
1067 821 1200 890 iniimus
1220 824 1319 890 esset.

806 970 837 1039 X

369 1095 437 1166 Sed
460 1096 538 1189 quid
558 1120 625 1191 ego
647 1099 729 1171 haec
751 1102 922 1276 memoror?
955 1103 1074 1173 dictum
1098 1103 1285 1193 lectumque
1303 1097 1380 1168 lacit

903 1229 966 1276 rux

368 1465 483 1536 Puluis
503 1467 596 1538 sulua
616 1466 707 1538 uolat
800 1350 846 1420 XI

795 1597 854 1667 XII

279 1733 340 1796 320
369 1778 688 1796 ......
741 1728 866 1818 praeda
888 1728 1053 1798 exercitus
1073 1726 1176 1795 undat

770 1872 844 1942 XIII
857 1870 874 1909 *

368 1986 479 2078 Scipio
496 1988 616 2061 inuicte

783 2103 863 2175 XIV

369 2275 377 2290 .
431 2275 439 2291 .
494 2274 502 2290 .
555 2221 803 2317 libertatemque
821 2228 858 2293 nt
874 2221 1118 2314 perpetuassint

368 2323 510 2394 Maxime

299 2525 336 2576 lX
353 2525 450 2577 Nonius
460 2544 486 2594 p.
496 2527 580 2587 110,7
600 2525 727 2588 ‘lamul,
742 2524 862 2578 famulus.
883 2528 979 2578 Ennius
991 2527 1116 2576 Iib.VlIII
1131 2527 1177 2575 ...'
1198 2525 1236 2576 CI.
1245 2525 1376 2576 Lucretius

265 2598 300 2646 lll
323 2595 390 2648 1032
417 2597 586 2661 ‘Spriadas,
612 2597 673 2646 belli
691 2597 802 2657 tulmen,
831 2598 992 2664 Carthaginis
1014 2597 1118 2656 horror,
1148 2595 1212 2646 Ossa
1231 2596 1301 2646 dedit
1327 2605 1376 2645 ter-

264 2681 308 2715 rae
335 2667 444 2731 proinde
470 2682 500 2716 ao
526 2666 606 2717 famul
635 2667 737 2717 intimus
761 2669 846 2717 esset.'
935 2667 961 2716 X
984 2667 1132 2716 Priscianus
1155 2667 1190 2714 VI
1219 2682 1245 2730 p.
1272 2667 1322 2715 724
1346 2665 1373 2714 Ρ.

264 2737 289 2801 (l
304 2751 330 2800 p.
346 2736 398 2786 284
411 2734 456 2800 ll.)
481 2734 576 2788 ‘itura
590 2737 668 2786 etiam
686 2735 769 2802 lrugis
787 2736 849 2787 lacit
865 2738 1029 2802 gauslinum,
1053 2736 1114 2798 quia
1132 2724 1190 2784 ἀπὸ
1209 2730 1261 2784 τοῦ
1275 2726 1374 2797 φρύγω

264 2805 342 2855 uerbo
358 2805 455 2855 Graeco
468 2806 589 2855 nascitur.
622 2806 719 2856 Ennius
732 2807 759 2855 in
771 2795 847 2857 XVI:
868 2805 995 2871 [XVIIIJ.
1022 2805 1093 2854 Idem
1109 2806 1134 2854 in
1149 2805 1221 2855 Vllll
1240 2819 1286 2870 pro
1306 2804 1375 2870 frugi

264 2874 340 2924 homo
358 2875 432 2924 lrux
445 2876 517 2941 ponit
529 2876 598 2937 qnod
613 2883 651 2924 est
664 2877 831 2926 adiectiuum:
852 2876 913 2927 sed'
933 2893 955 2925 e.
970 2892 994 2938 q.
1010 2891 1031 2924 s.
1052 2874 1095 2924 ‘id
1111 2881 1149 2923 est
1164 2874 1233 2940 frugi
1245 2874 1338 2924 homo!

298 2943 334 2993 XI
353 2944 557 3009 Noniuep.217‚
574 2945 607 2995 10
626 2945 753 3011 ‘puluis
767 2946 868 3012 generis
882 2945 1016 2994 masculini
1032 2953 1057 2993 ut
1072 2959 1159 3008 saepe.
1187 2945 1313 2993 Feminini
1326 2944 1376 2993 En-

263 3013 322 3062 nius
342 3013 387 3066 lib.
403 3013 463 3064 Vlll
483 3013 629 3064 annalium:
654 3016 781 3078 iamque
799 3015 867 3065 lere
884 3015 998 3079 puluis
1017 3014 1055 3064 ad
1075 3013 1198 3063 caelum
1212 3022 1307 3062 uasta
1324 3015 1375 3062 ui-

264 3083 367 3132 detur.
396 3083 466 3133 Idem
479 3082 525 3134 lib.
540 3084 612 3132 VIIII
629 3085 681 3134 ...’
751 3084 802 3134 XII
820 3081 926 3134 Seruius
940 3081 1166 3150 inGeorg.11437
1187 3083 1373 3132 ‘undantem

264 3153 443 3204 abundantem.
482 3153 579 3203 Ennius
603 3153 648 3203 lib.
672 3153 709 3202 lX
730 3156 785 3204 ...’
822 3153 964 3220 Supersunt
984 3170 1034 3204 non
1056 3153 1106 3203 nisi
1129 3153 1155 3202 in
1177 3152 1305 3205 GLionis

262 3222 323 3272 XIII
347 3223 435 3274 Cicero
450 3223 518 3274 Orat.
532 3224 575 3284 45,
592 3223 642 3274 152
667 3224 757 3274 ‘nobis
776 3240 808 3274 ne
826 3225 848 3272 si
866 3225 999 3290 cupiamus
1019 3223 1121 3287 quidem
1140 3222 1281 3272 distrahere
1298 3237 1374 3272 uoces

263 3293 417 3343 conceditur.
446 3293 560 3343 Indicant
573 3294 701 3344 orationes
715 3293 774 3343 illae
790 3295 862 3360 ipsae
874 3293 1021 3344 horridulae
1034 3293 1146 3354 Catonis,
1160 3292 1273 3342 indicant
1287 3307 1373 3342 omues

263 3365 354 3426 poetae
372 3369 473 3428 praeter
491 3378 548 3423 eos,
572 3365 615 3426 qui
634 3370 660 3412 ut
672 3378 775 3413 uersum
792 3364 904 3414 facerent
923 3379 1001 3429 saepe
1020 3362 1124 3412 hiabant
1143 3371 1170 3411 ut
1182 3362 1295 3410 Naeuius

262 3439 288 3479 at
303 3432 399 3481 Ennius
412 3431 491 3482 semel
505 3431 619 3496 Scipio
633 3433 775 3482 inuicte.’
796 3434 862 3482 Halo
875 3433 930 3482 loco
944 3433 1100 3483 uindicatum
1115 3432 1147 3482 ab
1162 3432 1210 3480 Th.
1220 3432 1303 3497 Hugio

258 3499 323 3549 XIV
342 3501 439 3550 Nonius
453 3499 597 3566 p.150‚3o
616 3503 836 3567 ‘perpetuitas
850 3502 892 3552 sit
905 3510 1029 3568 perpetua
1044 3510 1156 3556 aeterna.
1177 3501 1275 3550 Ennius
1287 3499 1372 3550 annali

305 3707 358 3762 316
379 3719 488 3760 summa
503 3703 578 3760 teta
666 3710 828 3776 repentente
850 3705 888 3762 W
988 3709 1041 3768 317
1058 3724 1074 3762 e
1090 3723 1200 3764 summo
1216 3724 1322 3782 regno,
1344 3711 1372 3761 ut

262 3789 347 3844 semul
366 3788 503 3860 Gifonluo.
521 3807 629 3846 summo
647 3806 736 3862 regno
752 3792 837 3846 semul
853 3797 882 3846 ut
897 3791 967 3846 libri.
983 3799 1013 3847 ut
1026 3810 1135 3849 summo
1151 3811 1166 3848 e
1182 3809 1271 3866 reguo
1287 3791 1370 3846 lamul

231 3946 233 3952 Ι
261 3873 391 3928 Columna
478 3874 588 3930 infimus
608 3874 719 3946 Larcius
736 3876 800 3929 Ant.
816 3874 890 3930 Lect.
912 3874 961 3931 IV
975 3884 1002 3934 5.
1024 3880 1145 3949 optImus
1166 3879 1236 3933 libra'.
1259 3876 1370 3930 ultimus

260 3957 399 4021 Mulier
503 3962 556 4016 318
570 3975 625 4044 que⁸
637 3959 706 4030 Rea.
717 3976 754 4012 m.
766 3961 814 4014 alt.
921 3965 974 4021 319
989 3963 1101 4033 iamque
1118 3965 1175 4017 tere
1190 3962 1282 4033 puluis
1297 3959 1368 4014 libri.

258 4044 393 4113 glossema
409 4045 476 4098 eieci
495 4060 557 4099 cum
574 4043 624 4098 Tb.
646 4043 737 4115 nuato
839 4048 890 4104 321
925 4046 968 4118 Cf.
997 4047 1163 4103 Ritoobolius
1187 4047 1265 4102 Prot.
1293 4044 1371 4099 Tria.

257 4144 288 4197 p.
308 4127 476 4196 CXCVIII,
498 4128 695 4184 Locbmoooua
714 4129 753 4182 od
766 4127 850 4183 lucr.
878 4129 919 4186 VI
935 4133 987 4200 743
1091 4136 1144 4190 322
1163 4131 1371 4202 perpetuassint

260 4211 394 4266 Reatinus
413 4220 438 4268 et
462 4216 515 4268 ‘ea
528 4216 638 4284 ontguo
653 4214 819 4284 exemplar?
840 4213 962 4272 Merula.
987 4218 1160 4288 perpetuitas
1184 4219 1293 4287 sintque
1309 4215 1373 4269 libri

261 4319 315 4372 nbi
332 4320 406 4390 quod
425 4291 626 4391 perpendimur
641 4319 717 4376 Leia
