2984 5032
270 433 382 483 xxmv
664 415 977 490 QVAEST10NES

272 559 375 666 Remo,
400 587 525 650 nondum
547 587 662 647 uidetur
680 595 775 646 actum
795 587 894 648 luisse.
930 585 976 646 Gl.
992 586 1136 664 llbergius
1160 604 1189 666 p.
1210 586 1259 648 28.
1289 587 1401 666 Supe-

272 700 378 758 riorem
401 704 508 770 autem,
530 711 614 771 quam
638 692 725 770 uulgo
752 693 902 769 ferebant,
932 695 1032 756 sedem
1063 694 1180 756 concilii
1208 695 1399 772 anquirens,

273 821 330 862 non
359 801 585 862 commodiorem
614 799 737 879 dispicio
761 800 834 876 bac,
861 821 917 880 qua
945 803 1069 882 ascripsi
1098 819 1173 879 quae
1202 800 1258 861 buc
1291 802 1398 880 perti·

271 927 342 970 nere
358 909 510 969 uideantur
532 907 703 984 fragmenta.
749 906 877 981 Quorum
893 910 948 969 etsi
963 908 1070 970 nullum
1085 917 1147 984 est,
1171 907 1249 986 quod
1265 927 1313 968 ex
1332 907 1399 968 boc

271 1015 347 1076 llbro
372 1013 520 1076 adferatur
548 1013 673 1090 diserte,
709 1022 803 1074 tamen
831 1025 950 1094 praeter
980 1014 1059 1074 illum
1096 1014 1133 1074 de
1162 1032 1220 1093 quo
1254 1015 1397 1075 diximus

271 1139 387 1182 uersum
405 1118 598 1200 probabiliter
621 1119 763 1198 quaedam
779 1123 947 1181 coniectura
970 1121 1026 1182 buc
1047 1121 1139 1182 relata
1169 1131 1243 1180 sunt.
1291 1121 1397 1180 Velut

270 1227 356 1303 Illud,
386 1245 445 1306 quo
472 1226 499 1286 di
525 1227 671 1304 genitales
699 1238 889 1288 recensentur
918 1226 1044 1307 (XLV),
1074 1227 1188 1306 qualem
1222 1245 1395 1286 recensum

271 1333 465 1394 conueniebat
486 1334 580 1393 statIm
595 1334 623 1392 in
636 1335 728 1412 prImo
749 1351 890 1394 consessu
911 1333 990 1408 lieri,
1011 1342 1041 1392 et
1062 1333 1097 1392 lr.
1117 1332 1207 1393 XLIII
1223 1352 1289 1392 cum
1308 1333 1394 1392 Ver·

268 1441 330 1518 gilii
349 1440 422 1500 Aen.
446 1438 474 1499 X
493 1441 506 1498 l
522 1445 545 1500 ‘a
565 1439 658 1500 sobol.
678 1438 788 1500 Veron.
807 1440 952 1501 conlatum
965 1447 994 1498 et
1006 1439 1062 1499 boc
1079 1440 1229 1501 frustulum
1242 1439 1392 1521 (XLIV),

270 1564 328 1624 quo
344 1548 372 1606 ln
386 1545 570 1607 instaurando
587 1545 670 1606 slmili
683 1545 803 1606 deorum
820 1546 944 1606 concilio
960 1547 1046 1606 utitur
1057 1545 1205 1624 VergiIius
1217 1546 1293 1606 Aeo.
1310 1546 1343 1607 X
1359 1548 1390 1606 5.

268 1651 359 1712 Ntmis
370 1653 481 1712 iucerte
493 1652 549 1712 buc
561 1653 728 1713 referuntur
742 1652 792 1712 uel
807 1652 854 1713 bic
868 1669 972 1712 uersus
990 1673 1006 1711 o
1020 1659 1126 1728 panitur
1136 1664 1230 1714 noster
1243 1657 1391 1714 Saturnia

267 1761 389 1816 maxime
403 1761 495 1818 dicum
514 1757 586 1835 (inc.
601 1758 662 1817 sed.
677 1756 730 1836 Π),
750 1774 808 1836 quo
830 1756 924 1816 aditor
940 1757 1098 1836 Llpsiensis
1117 1760 1264 1836 lunonem,
1285 1761 1389 1821 llber-

269 1863 334 1940 qus
351 1862 497 1924 Venerem
509 1866 537 1923 in
552 1863 609 1924 boc
626 1880 769 1924 consessu
786 1861 906 1921 deorum
922 1862 1021 1923 Iouem
1038 1865 1156 1946 adloqui
1173 1867 1386 1947 opInabantur.

269 1967 328 2029 Sed
345 1969 409 2047 quis
426 1969 483 2028 boc
499 1969 654 2029 adfirmarit
668 1968 870 2041 confidentius,
895 1970 1028 2044 qrroniam
1042 1970 1142 2032 Venus
1161 1974 1223 2032 siue
1240 1973 1316 2033 Iuno
1333 1973 1386 2032 vel

269 2074 342 2134 alius
360 2075 481 2135 deorum
497 2075 592 2134 multis
607 2074 681 2134 locis
697 2091 731 2134 ea
747 2075 786 2133 uti
803 2073 1000 2153 adpellatione
1016 2075 1129 2154 potuit?
1145 2079 1184 2138 At
1199 2089 1282 2140 recte
1300 2081 1385 2140 baud

269 2178 355 2241 dubie
384 2181 420 2241 ad
442 2179 571 2240 Enniana
598 2197 714 2239 uersum
741 2179 904 2254 ascribunt,
939 2200 1024 2259 quem
1050 2183 1208 2246 Ennianum
1234 2205 1305 2246 esse
1338 2196 1383 2247 te·

268 2285 403 2346 stimonio
425 2301 482 2344 non
506 2293 629 2361 constat,
650 2294 679 2344 at
701 2293 814 2344 constat
839 2295 974 2346 accurata
996 2286 1115 2348 Homeri
1138 2291 1309 2366 imitatione,
1334 2294 1383 2352 cui

268 2399 365 2450 notum
385 2400 440 2467 est,
465 2399 600 2469 quantum
621 2391 668 2452 bic
689 2400 778 2471 poeta
801 2391 962 2451 indulserit.
1007 2393 1048 2454 lta
1078 2397 1152 2456 enlm
1183 2400 1210 2457 in
1240 2397 1381 2474 Odyssea

266 2497 303 2576 (α
320 2498 361 2557 45
385 2519 409 2557 ω
428 2497 490 2558 473
516 2499 554 2558 m.
579 2499 612 2558 ιι.
639 2497 744 2576 εει)
777 2495 905 2555 nenena
934 2483 958 2558 ὦ
984 2492 1076 2580 πάτερ
1095 2493 1213 2583 ἡμέτερε
1232 2505 1379 2585 monton,

265 2596 358 2662 ὕπατε
373 2596 540 2683 κρειόντων.
584 2603 649 2664 Non
671 2605 737 2683 plus
761 2611 879 2681 praesto
902 2601 939 2661 de
961 2619 1008 2678 eo,
1029 2622 1114 2681 quem
1132 2605 1228 2668 Varro
1241 2609 1278 2669 de
1293 2609 1327 2669 L.
1346 2609 1377 2668 b.

264 2707 355 2768 vt17
375 2707 412 2766 ll.
438 2710 505 2767 item
535 2709 597 2767 siue
621 2711 735 2769 nomine
764 2716 872 2787 poetae
897 2707 1041 2769 laudauit:
1064 2721 1228 2774 contremuit
1246 2722 1376 2792 templum

264 2833 395 2891 mapsam
417 2818 494 2874 Iouis
514 2819 680 2874 altitonantis
704 2815 776 2892 (ino.
796 2814 859 2874 sed.
883 2813 993 2893 Lxx),
1018 2833 1076 2893 quo
1103 2819 1281 2880 adseuerans
1304 2831 1376 2881 nutu

265 2935 318 2978 suo
344 2920 446 2978 nescio
472 2918 541 2997 quid
567 2919 698 2998 luppiter
726 2920 873 2996 designari
900 2920 1013 2980 uidetur
1042 2925 1118 2984 conl.
1141 2923 1275 3003 Vergilio
1297 2925 1373 2986 Aen.

263 3025 291 3085 X
319 3025 378 3084 115
406 3029 504 3084 adnuit
529 3034 555 3084 et
580 3034 660 3086 totum
690 3035 759 3086 notu
783 3035 869 3086 treme
891 3029 960 3102 sccii
985 3031 1143 3105 Olympum.-
1172 3045 1293 3110 quorum
1321 3051 1375 3093 sua

264 3141 388 3210 uterque
404 3150 442 3191 ex
459 3130 577 3191 Homeri
599 3131 686 3193 claris
707 3131 841 3192 uersibus
862 3131 895 3192 Il.
912 3135 937 3191 A
953 3131 1015 3194 528
1035 3121 1055 3214 ἦ
1077 3136 1127 3198 καὶ
1144 3136 1305 3223 κυανέῃσιν
1328 3129 1372 3200 ’ἐπ’
1468 3205 1469 3210 1

263 3227 374 3320 ὀφρύσι
388 3241 472 3298 νεῦσε
485 3235 622 3316 Κρονίων
639 3279 647 3296 .
664 3281 692 3298 ..
711 3236 805 3319 μέγαν
821 3228 849 3298 d'
874 3235 996 3312 ἐλέλιξεν
1008 3233 1162 3318 ’Όλνμιιον
1179 3244 1371 3325 deprompsit.

350 3341 493 3404 Confecto
519 3345 663 3420 concilio,
689 3347 835 3406 utstatim
863 3347 891 3404 in
918 3345 1005 3404 terris
1032 3347 1170 3425 adpareat
1197 3353 1240 3411 uls
1270 3369 1371 3412 eorum

264 3467 339 3529 quae
362 3450 390 3508 in
412 3448 537 3528 Olympo
559 3449 690 3528 Iuppiter
710 3450 851 3530 decreuit,
874 3452 995 3525 flumen,
1020 3452 1047 3509 in
1069 3470 1128 3531 quo
1166 3457 1248 3534 pueri
1278 3477 1370 3538 expo·
1466 3469 1468 3576 p

263 3557 310 3615 siti
333 3564 426 3631 erant,
448 3556 521 3614 intra
540 3555 619 3633 ripas
640 3555 757 3615 relluxit
781 3554 941 3633 (XLVIII).

346 3663 433 3725 Pueri
455 3670 622 3722 seruantur:
649 3663 810 3722 nutriuntur
832 3681 847 3722 a
872 3663 938 3739 lupa
962 3659 1101 3743 (XLIX):
1131 3664 1168 3725 de
1186 3683 1241 3744 qua
1262 3685 1294 3726 re
1312 3666 1367 3727 En·
1466 3647 1468 3763 l

262 3771 373 3830 alenam
395 3770 588 3829 narrationem
605 3767 675 3828 licet
695 3768 783 3829 bodie
806 3787 823 3828 e
848 3768 979 3845 Vergilio
1002 3768 1077 3828 Aen.
1100 3770 1169 3833 VIII
1191 3771 1252 3834 630
1281 3774 1368 3853 dispi-

262 3894 332 3936 cere
369 3876 444 3954 (L).
489 3873 588 3935 Ficum
627 3873 805 3935 Ruminalem
841 3893 916 3955 quae
952 3876 1056 3937 dicitur
1093 3877 1214 3940 Ennium
1251 3897 1367 3960 quoque
1466 3851 1467 3908 l

261 4000 439 4042 memorasse
465 3999 522 4040 non
549 3978 771 4058 iuprobabiliter
790 3981 972 4043 concluditur
993 4005 1010 4044 e
1034 3986 1069 4046 ir.
1096 3985 1140 4046 bl.
1185 3985 1264 4064 Lupa
1287 3987 1366 4064 luga·
1466 4047 1467 4070 2

260 4097 344 4148 tura
372 4085 538 4167 pastoribus
565 4085 600 4146 de
629 4086 712 4146 cliuis
741 4087 776 4148 ad
805 4104 923 4166 campos
944 4101 973 4151 et
1002 4093 1081 4152 riuos
1107 4091 1365 4152 descendentibus:

259 4191 317 4252 boc
347 4196 421 4252 enim
444 4193 602 4269 significari
625 4193 659 4252 lr.
683 4191 732 4252 bll
750 4193 937 4272 suspicabar:
968 4197 1054 4257 modo
1082 4208 1164 4258 recte
1195 4197 1365 4258 emendatae·

259 4298 311 4357 rim
325 4315 450 4358 uersum.
474 4297 544 4359 Gom
569 4300 702 4378 proxImo
718 4299 880 4378 fragmento
897 4303 973 4362 iuuat
989 4303 1025 4363 de
1046 4304 1105 4364 leui
1123 4303 1284 4366 diberentia
1298 4321 1364 4382 qua·
