2984 5032
577 457 807 515 ΕΝΝΙΑΝΑΕ
1128 471 1243 520 Lxxnu

138 628 242 697 postea
264 637 397 680 seorsum
417 620 452 680 ah
465 620 609 681 Antiocho
633 625 763 682 sensisse
786 624 913 698 uidetur,
934 625 996 682 eius
1020 626 1158 686 reihand
1180 629 1242 686 scio

137 744 173 785 an
193 725 278 786 Gellii
300 726 426 784 narratio
449 725 475 784 V
494 727 512 784 5
535 729 674 788 rationem
696 729 836 806 quandam
857 729 1002 788 exhibeat.

222 830 302 890 Haec
328 831 364 890 de
389 830 460 890 belli
482 832 637 909 adparatu:
670 835 786 894 ehello
807 837 871 912 ipso
896 836 1005 894 residet
1030 838 1066 896 Ir.
1088 837 1115 895 V
1137 849 1241 898 matro-

136 955 190 994 nae
217 955 323 1020 moeros
345 942 481 1012 complent
504 949 633 1013 spectare
658 944 803 1016 fauentes.-
833 942 913 1000 cuius
941 960 1045 1000 uersus
1076 943 1242 1004 inlustrandi

136 1043 211 1122 uiam
232 1041 328 1101 Liuius
352 1041 488 1103 XXXVII
511 1043 550 1102 20
567 1045 703 1105 ostendit.
750 1045 820 1106 Cum
842 1049 916 1105 enim
938 1066 963 1106 a.
989 1067 1016 1106 u.
1040 1068 1066 1108 c.
1091 1049 1153 1110 562
1169 1051 1243 1126 regii

136 1149 265 1208 Seleuco
294 1149 368 1208 doce
397 1148 567 1225 Pergamum
596 1152 834 1212 circumsidentes
858 1161 1023 1230 contemptu
1046 1153 1241 1228 Achaeorum,

62 1321 67 1330 ¹
137 1256 185 1332 qni
204 1256 276 1312 Intra
294 1257 407 1314 moenia
431 1275 464 1316 se
488 1255 639 1332 tenebant,
664 1266 726 1316 toto
746 1261 853 1335 possim
876 1276 979 1336 campo
999 1277 1032 1318 se
1053 1262 1241 1338 sparsissent,

137 1370 195 1418 tum
217 1360 386 1438 Diophanes
411 1363 580 1441 praefectus
606 1363 744 1440 praesidii
771 1365 924 1422 stationem
946 1364 1069 1424 hostium
1092 1367 1241 1443 inprouiso

137 1467 259 1526 inuadit:
289 1473 388 1528 coedes
410 1476 517 1544 possim
538 1473 661 1546 supraque
674 1489 730 1545 per
752 1489 865 1545 compos
884 1474 963 1546 facto
989 1481 1038 1530 est.
1081 1476 1243 1547 Dr'ophnnes

135 1583 243 1632 secutus
264 1578 368 1648 effusos
389 1579 483 1649 quoad
508 1583 592 1634 tutum
617 1580 688 1650 suit,
716 1597 815 1651 mcpno
843 1582 943 1635 decore
968 1584 1043 1653 penti
1069 1581 1242 1638 Achaeorum

132 1688 278 1752 porto-
299 1691 563 1754 speetoucrunt
599 1688 688 1740 enim
723 1701 738 1740 e
765 1688 948 1742 moenibus
974 1688 1143 1759 Perpomi
1170 1706 1243 1746 non

135 1791 211 1843 oiri
236 1790 331 1844 modo
358 1792 418 1845 sed
441 1791 600 1861 feminac
625 1793 731 1846 etiem
752 1823 796 1832 —
819 1794 847 1846 in
871 1793 1046 1863 praesidium
1063 1791 1141 1848 urhun
1162 1795 1241 1848 redit.

222 1891 354 1965 Quarti
378 1892 508 1952 decimi
531 1893 681 1952 annalis
708 1894 870 1969 fragmenta
894 1893 968 1952 inter
991 1892 1062 1952 duas
1085 1893 1155 1952 licet
1178 1913 1241 1954 cum

136 1996 279 2056 Antiocho
302 2016 328 2055 a.
352 2015 379 2053 u.
403 2015 428 2054 c.
459 1996 520 2058 562
549 2000 716 2056 commissas
743 2015 855 2075 pugnas
879 1999 994 2076 aequali
1017 1999 1080 2058 iere
1106 2001 1242 2077 portione

136 2102 326 2162 distribuere:
359 2102 487 2177 priorem
516 2102 582 2161 dico
608 2103 740 2194 naualem
764 2104 798 2163 ad
821 2103 1010 2178 Myonnesum
1029 2104 1134 2163 factam
1157 2123 1242 2182 quam

135 2203 230 2262 liuius
250 2203 388 2265 XXXVII
407 2205 456 2266 29.
484 2206 523 2266 30
553 2207 701 2286 perhibet:
729 2210 804 2270 un'de
827 2220 961 2288 quantum
990 2211 1060 2268 satis
1081 2218 1125 2268 est
1143 2209 1177 2268 ad
1200 2211 1241 2266 in-

137 2309 282 2370 lustranda
303 2311 339 2369 fr.
357 2309 464 2372 I—-IV
485 2314 559 2374 inlra
580 2314 695 2390 scripsi.
740 2314 821 2392 Ergo
845 2316 986 2376 Aemilius
1002 2314 1135 2390 Regillus
1156 2333 1240 2392 prae·

136 2425 181 2476 tor
203 2418 239 2477 ad
264 2417 401 2476 Teiorum
423 2416 524 2476 urbem
540 2418 665 2477 classem
690 2420 856 2480 traduxerat
878 2431 907 2479 et
928 2426 1033 2496 cyrensi
1052 2425 1148 2478 milites
1169 2441 1227 2480 nou

135 2534 231 2598 tneque
252 2529 375 2582 suntad
399 2534 563 2584 commeatus
585 2535 610 2583 et
630 2532 724 2586 uinum
746 2534 867 2586 manime
892 2529 1066 2584 diuidendum
1088 2529 1117 2582 in
1138 2543 1240 2584 naues:

135 2649 197 2689 cum
221 2634 308 2690 medio
331 2634 407 2705 sorte
432 2635 486 2688 diei
506 2636 621 2706 agrestis
642 2636 753 2708 quidam
774 2638 812 2690 od
829 2640 990 2708 praetorem
1013 2634 1148 2689 adductus
1169 2651 1241 2689 nun-

135 2743 184 2796 tiat
204 2741 319 2797 atterum
347 2742 401 2793 iam
427 2739 497 2794 diem
518 2741 634 2796 classem
655 2746 732 2796 stare
757 2742 795 2795 od
823 2741 941 2796 insutum
962 2738 1075 2795 Moerin
1096 2738 1151 2813 (ita
1172 2755 1240 2796 nau-

135 2843 184 2900 tici
214 2850 318 2900 uocant
347 2839 571 2922 Myonnesum),
601 2854 626 2902 et
656 2849 743 2920 poulo
771 2853 834 2902 onte
860 2847 937 2900 uisas
970 2846 1104 2916 quosdam
1136 2850 1243 2902 moueri

135 2957 272 3022 tamquam
301 2953 339 3006 od
361 2951 564 3023 prosectionem
593 2967 680 3008 naues
707 2983 751 2992 -—
776 2980 817 2990 -
848 2949 939 3025 primo
969 2951 1085 3008 turbatis
1118 2954 1241 3024 imperiis

134 3073 298 3114 concursum
319 3058 357 3111 ad
377 3074 464 3113 naues
485 3066 537 3113 cot:
561 3053 628 3112 dein
650 3053 773 3113 consilio
802 3071 837 3112 ac
865 3053 1016 3130 prudentia
1040 3053 1156 3112 AemiIii
1178 3056 1240 3114 sine

135 3159 327 3236 trepidatione
357 3177 447 3218 naues
474 3160 685 3220 conscendunt:
714 3167 902 3234 instructaque
930 3165 1018 3234 acies,
1048 3164 1123 3217 uolut
1141 3177 1240 3217 cerne-

134 3274 196 3323 rent
215 3271 318 3340 reytnn,
336 3271 365 3323 in
384 3270 468 3324 citum
486 3272 626 3341 processit
646 3264 683 3342 (I.
706 3264 759 3344 ΙΙ).
804 3271 874 3324 inter
899 3267 1080 3340 Myonnesum
1107 3275 1133 3323 ct
1154 3269 1240 3340 Cory-

133 3389 195 3428 cum
205 3377 430 3443 promunturium
450 3382 544 3442 erant,
570 3391 630 3430 cum
652 3375 754 3430 hostem
772 3389 944 3445 compescere
969 3368 1041 3447 (III)
1065 3404 1109 3416 —*
1124 3377 1179 3428 iam
1201 3379 1239 3430 to-

134 3482 167 3533 tis
193 3481 274 3534 simut
301 3480 434 3534 classibus
460 3480 494 3534 ab
521 3482 595 3535 omni
611 3486 694 3551 purte
718 3497 815 3551 pupnu
838 3487 966 3535 conserta
994 3487 1064 3535 erot.
1108 3476 1240 3546 Alterum

135 3581 213 3658 quod
230 3580 287 3641 huc
309 3582 435 3658 pertinet
447 3581 589 3658 proelium
613 3591 658 3640 est
678 3582 713 3640 ad
732 3580 910 3657 Magnesiam
929 3585 1123 3657 commissum,
1142 3582 1238 3659 quode

134 3684 230 3742 Liuius
259 3684 278 3742 l.
302 3685 320 3743 l.
353 3685 500 3746 39—44.
552 3686 607 3758 Qui
637 3686 684 3744 uhi
708 3686 856 3746 Romanae
886 3688 960 3746 aciei
989 3689 1117 3746 rationes
1149 3689 1240 3762 tangit

135 3792 210 3850 ‘duo
247 3791 325 3852 milia
358 3793 511 3851 mixtorum
539 3791 729 3850 Macedonum
764 3791 1025 3869 Thracumque,
1060 3794 1108 3870 qui
1137 3792 1237 3850 uolon-

134 3908 192 3957 tate
210 3901 303 3958 secuti
327 3907 442 3972 essent,
469 3898 614 3974 praesidio
636 3887 739 3956 castris
765 3897 886 3956 relictos
910 3903 995 3957 esse’
1021 3905 1237 3957 commemorat.

133 4004 216 4065 Vnde
249 4005 367 4062 occasio
402 4003 553 4080 dispicitur
582 4023 637 4082 qua
665 4003 772 4063 Ennius
804 4006 930 4081 potuerit
952 4004 1062 4080 rumpia
1087 4003 1164 4078 quod
1186 4021 1237 4078 ge·

134 4127 186 4167 nus
208 4109 259 4169 teli
276 4109 409 4169 Thracae
431 4111 554 4168 nationis
574 4119 618 4168 est
639 4108 698 4188 (V)
715 4125 951 4168 commemorare.
984 4106 1104 4166 Relicua
1127 4118 1237 4186 aperta.

133 4213 208 4272 Ante
233 4225 379 4274 certamen
402 4215 565 4274 cohortatio
589 4215 624 4274 ad
647 4215 752 4274 milites
783 4212 871 4292 (VI):
903 4214 1063 4289 insequitur
1094 4215 1238 4291 proelium

133 4319 231 4399 (VII).
276 4320 410 4401 Denique
437 4323 547 4384 tractus
574 4321 655 4384 hello
680 4320 841 4406 Antiochus
864 4319 1055 4380 calamitatem
1079 4336 1158 4382 suam
1187 4318 1236 4378 de·
