2984 5048
565 458 810 546 unetovmu

380 673 552 746 inuuunt
573 673 748 746 NOMlNlS
770 677 1010 762 RELIQVlAl]

685 806 699 874 l

572 923 809 1014 Neoptolemus

237 1020 469 1113 Philosophari
484 1025 535 1092 est
547 1026 624 1095 mm·
638 1049 793 1112 necesse,
817 1030 851 1095 at
863 1027 995 1116 paucis:
1019 1050 1093 1097 nam
1113 1025 1246 1097 omnino

782 1130 863 1198 haul
884 1129 1002 1218 placet.

242 1225 496 1318 Degustandum
533 1252 576 1300 ex
611 1231 667 1316 eri,
704 1254 771 1302 non
806 1231 838 1299 in
875 1253 947 1300 eam
975 1231 1247 1324 ingurgitandum

488 1347 489 1350 ’
781 1333 913 1403 censeo.

677 1435 706 1503 ll

237 1527 371 1601 'Omnes
394 1532 472 1601 dant
495 1534 669 1605 consilium
690 1560 829 1621 uanum,
854 1537 1016 1631 atquesid
1042 1535 1245 1628 uoluptatem

783 1639 900 1710 omnia.

668 1739 710 1809 lll

126 1913 127 1918 ,
146 1842 211 1904 420
239 1887 495 1907 .....
547 1841 583 1910 ui
602 1843 680 1932 pate
703 1843 852 1914 lecerunt
873 1841 1016 1933 Bruges

238 2053 300 2138 Qui
323 2055 445 2146 templa
467 2058 548 2127 caeli
571 1960 832 2134 stimmldysonitu
854 2061 997 2132 concut't

169 2271 223 2320 luc.
243 2285 305 2320 uon.
325 2287 382 2321 nnn.
420 2273 432 2322 Ι
450 2272 538 2324 Cicero
555 2275 631 2326 Tuse.
651 2277 720 2343 disp.
739 2278 762 2326 ll
782 2278 811 2338 l,
831 2277 845 2328 1
870 2275 1117 2343 ‘Neoptolemus
1142 2274 1246 2337 quidem

134 2340 204 2404 apud
221 2339 331 2390 Ennium
354 2341 588 2408 philosophari
613 2346 681 2396 sibi
708 2347 753 2395 ait
775 2362 909 2396 neeesse
927 2361 1011 2405 esse,
1035 2344 1092 2394 sed
1116 2343 1243 2409 paucis:

135 2424 204 2458 nam
219 2409 345 2461 omnino
361 2411 444 2460 haud
463 2411 608 2478 plaeere.
645 2415 700 2480 Ego
719 2421 816 2474 autem,
835 2413 925 2474 Brute,
944 2429 1049 2464 neeesse
1063 2413 1127 2461 milri
1142 2413 1248 2473 quidem·
1330 2407 1331 2412 ’

134 2494 192 2528 esse
210 2479 318 2527 arbitror
335 2479 515 2545 philosophari
585 2483 631 2532 sed
648 2497 699 2531 nou
717 2484 822 2549 paucis,
841 2489 868 2531 ut
888 2483 940 2535 ille.
960 2509 993 2518 —
1011 2481 1027 2528 2
1046 2479 1098 2530 Sed
1112 2487 1195 2530 tamen
1214 2481 1246 2529 in

133 2549 206 2596 uita
224 2555 348 2612 occupata
365 2554 455 2612 atque,
472 2557 501 2598 ut
518 2549 722 2616 Neoptolemi
741 2558 803 2601 tum
822 2558 901 2611 erat,
929 2551 1069 2599 militari
1086 2564 1170 2614 pauca
1187 2550 1246 2613 ipsa

133 2615 241 2665 multum
258 2632 336 2682 saepe
354 2618 480 2683 prosunt.'
518 2619 588 2668 Idem
608 2621 640 2669 de
657 2627 720 2669 orat.
740 2619 888 2679 1137‚156
906 2622 950 2669 ‘oe
962 2620 999 2669 sio
1014 2618 1116 2676 deereni
1129 2616 1246 2682 philoso-

134 2685 209 2752 phari
233 2687 333 2750 potius,
363 2694 392 2735 ut
417 2685 598 2751 Neoptolemus
625 2689 694 2753 apud
714 2689 837 2748 Ennium,
864 2689 992 2753 paucis:
1019 2701 1089 2736 nam
1116 2687 1244 2735 omnino

134 2752 217 2803 haud
234 2755 363 2819 placet!
401 2755 470 2804 ldem
488 2756 521 2806 de
540 2773 567 2806 re
587 2772 612 2822 p.
633 2757 644 2805 Ι
664 2757 712 2817 18,
730 2757 765 2808 30
788 2759 884 2822 ‘magis
903 2773 961 2807 eum
977 2749 1119 2806 deleetabat
1134 2755 1245 2818 Neopto-

136 2823 215 2872 lemus
239 2822 318 2884 Enni,
343 2826 399 2886 qui
424 2839 457 2874 se
479 2826 527 2874 ait
548 2825 726 2877 lilosolari
744 2827 846 2886 uelle,
868 2833 917 2876 set
934 2826 1062 2890 paucis:
1091 2839 1161 2874 nam
1180 2839 1245 2874 om-

136 2893 209 2940 nino
236 2891 320 2942 haud
347 2893 498 2957 plaeere!
541 2893 637 2943 Gellius
658 2896 681 2943 V
700 2895 732 2945 15
755 2895 912 2944 ‘Ennianum
935 2893 1129 2959 Neoptolemum
1151 2893 1245 2958 proba-

135 2961 238 3019 bamus,
264 2962 308 3022 qui
334 2960 448 3026 profecto
476 2963 512 3010 ita
537 2964 584 3011 ait:
616 2962 918 3030 philosophandum
945 2970 992 3014 est
1022 2963 1146 3026 paucis:
1174 2976 1244 3010 nam

137 3030 261 3078 omnino
286 3029 366 3079 haut
390 3029 515 3095 placet)
553 3031 649 3082 Ibidem
670 3033 702 3084 16
721 3034 900 3096 ‘eiusdemque
919 3033 989 3081 illius
1007 3031 1116 3081 Enniani
1134 3031 1245 3094 Neopto-

137 3099 208 3157 lemi,
233 3098 264 3146 de
288 3115 337 3160 quo
358 3115 436 3165 supra
459 3101 622 3165 scripsimus,
648 3102 754 3152 consilio
779 3102 902 3152 utendum
918 3109 973 3160 est,
998 3101 1041 3163 qui
1062 3101 1244 3164 degustan-

137 3169 205 3218 dum
220 3183 257 3216 ex
274 3168 490 3237 philosophia
508 3179 629 3230 oenset,
654 3171 763 3220 nonin
782 3186 850 3220 eam
866 3169 1154 3234 ingurgitandum!
1191 3167 1245 3230 Ap-

136 3237 236 3304 puleius
248 3236 281 3287 de
293 3239 380 3304 magia
394 3254 415 3287 o.
430 3237 461 3288 13
477 3254 504 3304 p.
518 3240 569 3289 415
584 3237 648 3288 Oud.
667 3241 713 3289 ‘ue
727 3253 774 3304 ego
790 3253 895 3289 necesse
908 3238 1030 3296 habeam,
1048 3245 1135 3288 eontra
1145 3243 1245 3286 senten-

135 3309 194 3356 tiam
213 3305 373 3371 Neoptolemi
389 3307 498 3356 Enniani
516 3308 634 3372 pluribus
654 3307 850 3372 philosophari!
921 3309 944 3356 ll
963 3305 1054 3355 Fronto
1071 3306 1152 3370 Epist.
1171 3306 1195 3352 u
1215 3303 1245 3354 13

137 3392 162 3440 p.
178 3377 210 3424 57
222 3377 262 3425 ed.
278 3377 351 3428 Rom.
368 3376 409 3440 (p.
428 3375 460 3426 61
478 3376 566 3440 Nieb.)
587 3375 731 3426 ‘adfinitate
752 3377 876 3426 sociatum
894 3391 976 3439 neque
992 3374 1086 3424 tutelae
1101 3373 1243 3424 subditum:

137 3450 265 3509 praeterea
283 3446 310 3493 in
328 3461 359 3494 ea
376 3444 477 3494 fortuna
488 3448 664 3505 constitutum,
684 3448 709 3495 in
724 3443 787 3510 qua,
808 3453 835 3494 ut
847 3445 875 3503 Q.
893 3443 989 3493 Ennius
1002 3445 1050 3502 ait,
1070 3458 1157 3492 omnes
1171 3443 1244 3492 dant'

138 3530 158 3562 e.
178 3529 203 3575 q.
222 3529 243 3560 s.
314 3515 347 3562 lll
367 3513 454 3563 Cicero
474 3513 543 3566 Orat.
562 3515 611 3572 48,
631 3514 681 3564 160
707 3516 829 3565 ‘Burrum
848 3529 949 3578 semper
970 3514 1081 3573 Ennius,
1106 3527 1245 3573 numquam

138 3581 271 3644 Pyrrhum:
296 3582 328 3629 ui
350 3598 378 3646 p.
405 3583 541 3646 Bruges,
566 3597 616 3634 non
633 3583 760 3648 Phryges:
784 3585 868 3647 ipsius
892 3583 990 3644 antiqui
1013 3579 1142 3630 declarant
1165 3580 1243 3628 libri!

139 3649 304 3708 Quintilianus
322 3651 333 3697 l
351 3654 382 3709 4,
401 3650 434 3700 15
454 3650 515 3700 ‘sed
532 3652 552 3699 Β
570 3665 671 3712 quoque
688 3652 714 3700 in
731 3652 815 3700 locum
833 3651 941 3700 aliarum
959 3650 1076 3699 dedimus
1098 3648 1244 3711 aliquando,

139 3719 203 3768 unde
219 3719 313 3768 Burrus
332 3726 355 3767 et
373 3718 494 3783 Bruges
517 3726 541 3769 et
559 3719 673 3770 Belena.’
743 3721 778 3768 tv
801 3720 935 3770 Terentius
953 3719 1019 3767 Eun.
1037 3718 1072 3766 lll
1090 3719 1122 3775 5,
1140 3717 1174 3765 42
1193 3719 1244 3764 ‘ta-

139 3788 222 3837 bulam
242 3785 369 3849 quandam
387 3789 499 3855 pictam:
524 3788 570 3838 ubi
587 3788 669 3837 inerat
684 3789 785 3854 pistura
801 3787 879 3848 haee,
895 3788 983 3838 Iouem
1003 3783 1009 3854 Ι
1029 3785 1083 3844 Quo
1100 3792 1175 3852 paeto
1193 3785 1244 3834 Da·
1306 3789 1310 3797 '

178 3963 228 4018 417
243 3959 438 4032 philosophari
455 3969 499 4018 est
514 3962 582 4018 mihi
600 3979 733 4036 neeesse,
753 3969 780 4018 at
798 3962 908 4019 Vossius
924 3961 1073 4016 seeundum
1090 3959 1146 4015 Cic.
1162 3959 1245 4014 Tuse.

140 4043 392 4116 phildsophandum
407 4051 465 4114 est,
489 4044 542 4102 sed
559 4047 673 4103 Bothius
688 4063 726 4104 ece
742 4048 824 4104 Gellio
896 4052 944 4100 aut
959 4045 1048 4100 Laur.
1068 4043 1153 4099 detti.
1168 4041 1245 4097 hand

140 4131 220 4183 ceteri
310 4129 426 4186 Versum
440 4134 493 4189 418
509 4145 525 4185 e
540 4132 624 4188 Gellio
648 4133 823 4188 concinuerit
839 4131 870 4186 0.
885 4128 1049 4184 aureolam
1133 4130 1186 4184 419
1206 4132 1245 4180 at-

142 4229 190 4282 que
211 4211 248 4266 ad
272 4214 443 4285 uoluptatem
461 4215 555 4270 omnia
577 4232 631 4270 om.
652 4217 695 4271 ed.
709 4215 820 4270 Mediol.
836 4220 864 4268 et
875 4212 956 4269 Nieb.
1031 4211 1124 4282 adque
1139 4210 1200 4266 eod.

179 4298 231 4352 420
245 4297 286 4363 ui]
301 4298 329 4352 bi
343 4299 456 4355 Abrinc.
542 4299 650 4372 Fruges
675 4300 755 4355 Vitat.
770 4298 872 4355 Dresd.
886 4315 922 4353 m.
932 4315 983 4370 pr.
999 4296 1079 4352 Eius.

179 4397 292 4453 Erurvs.
996 4389 1037 4454 10
