2984 5048
581 417 825 486 RELIQVIAE
1201 415 1262 482 109

682 584 730 654 lV

252 687 423 788 Duxitme
441 709 580 758 uxorem
600 687 779 857 lherqyrum
800 687 864 758 sihi
886 689 1110 781 quaesendum
1131 691 1248 781 gratia.

251 891 337 984 'Ego
352 913 445 962 meae
461 916 536 964 cum
550 892 640 964 uitae
657 915 801 984 parcam,
823 893 923 964 letum
944 893 1073 962 inimico
1094 893 1262 984 deprecer.

593 1097 818 1190 Cresphontes

251 1195 333 1266 ‘Eho
355 1201 407 1283 tu,
435 1199 485 1284 di,
513 1201 632 1294 quihus
657 1202 709 1272 est
729 1203 878 1293 potestas
896 1200 1005 1269 motus
1024 1220 1182 1292 superum
1207 1207 1262 1272 at-

811 1325 875 1395 que
895 1303 1045 1387 insenum,

251 1401 370 1471 Pacem
392 1403 478 1473 inter
497 1403 573 1474 sese
596 1404 785 1490 conciliant,
813 1407 988 1475 conterunt
1009 1404 1227 1476 conedrdiam.

164 1614 225 1674 165
255 1657 262 1673 .
304 1657 312 1674 .
350 1657 362 1712 Ι.
402 1658 411 1675 .
450 1659 460 1675 .
501 1660 508 1676 .
548 1661 558 1716 .
597 1607 718 1702 [tidem]
743 1608 903 1700 dpiseram
923 1607 1050 1712 socium
1073 1608 1237 1689 aduncant

575 1743 592 1779 ²t‘
816 1743 833 1780 11

695 1800 711 1836 n

254 1928 510 1947 .....
564 1882 643 1950 eunt
666 1857 707 1950 ad
727 1879 868 1965 iontem,
898 1877 1035 1948 nitidant
1053 1879 1195 1970 corpora
1299 1932 1301 1944 .

147 2057 369 2110 Bamb.bTross.
386 2059 446 2110 Tur.
517 2062 554 2111 ab
573 2063 787 2114 incommodis
807 2059 909 2125 Troes.)
946 2060 1265 2127 ‘Exsimplioipartere-
1313 2112 1317 2128 ,

149 2128 352 2194 prehendentur,
375 2130 398 2178 si
415 2145 447 2180 ex
461 2130 558 2196 duplici
572 2132 736 2182 conclusione
755 2133 876 2182 alterutra
889 2145 949 2196 pars
963 2129 1086 2190 diluetur,
1110 2130 1159 2180 hoc
1172 2133 1263 2182 modo:

149 2212 217 2247 nam
238 2199 265 2247 si
279 2199 450 2270 inprobum
521 2202 664 2273 nuptiis?
681 2227 716 2240 -
733 2203 816 2252 Duxi
833 2201 968 2266 probum
983 2196 1067 2266 [160J.
1098 2201 1166 2268 llrgo
1178 2216 1264 2268 repre-

149 2265 239 2321 hensio
261 2267 424 2318 huiusmodi
444 2270 614 2321 conclusionis
635 2271 732 2336 duplex
748 2279 798 2321 est:
827 2271 924 2320 acutior
942 2269 988 2318 illa
1007 2269 1137 2333 superior,
1163 2270 1264 2321 facilior

149 2335 213 2386 haec
233 2339 359 2402 posterior
375 2338 409 2388 ad
425 2329 641 2406 encdgitandum.¹
675 2342 738 2390 Tres
754 2341 814 2391 illos
829 2353 933 2390 uersus:
955 2338 1080 2388 nullae.
1095 2355 1121 2402 q.
1136 2355 1157 2388 s.
1179 2341 1264 2390 rheto-

149 2407 198 2465 ris,
218 2421 268 2456 non
279 2407 355 2457 Ennii
372 2423 429 2458 esse
439 2407 468 2458 0.
479 2409 635 2461 Ribheolrius
649 2410 727 2459 uidit:
746 2410 842 2460 relicua
856 2409 890 2458 ad
903 2408 978 2457 Ennii
991 2407 1174 2472 Cresphontem
1186 2411 1266 2474 perti-

148 2489 208 2524 nere
225 2476 287 2526 olim
306 2477 461 2528 intellectum
485 2487 523 2528 est
591 2481 625 2528 IV
645 2480 735 2528 Festus
756 2494 782 2543 p.
795 2479 847 2529 258
858 2477 891 2526 M.
919 2480 1091 2539 ‘quaesere
1108 2479 1211 2542 ponitur
1231 2480 1263 2529 ab

148 2545 259 2606 antiquis
280 2561 327 2610 pro
349 2561 484 2608 quaerere,
511 2555 540 2596 ut
562 2556 601 2598 est
623 2549 693 2612 apud
716 2549 825 2596 Ennium
845 2571 880 2582 -
904 2554 929 2595 ct
949 2546 976 2594 in
996 2544 1153 2610 chresponte
1176 2549 1227 2596 ...'

183 2613 206 2661 V
230 2613 327 2668 Gellius
339 2617 375 2664 VI
392 2616 423 2666 16
442 2614 636 2682 (deprecor)
657 2615 798 2682 ‘significat
811 2616 888 2681 abigo
902 2623 926 2664 et
938 2614 1059 2674 amolior,
1077 2616 1119 2665 uel
1130 2631 1207 2682 prece
1219 2618 1264 2667 ad-

122 2675 130 2686 ’
148 2681 230 2731 hibita
240 2683 281 2732 uel
293 2699 342 2746 quo
353 2685 403 2734 alio
415 2686 500 2734 modo.
512 2687 573 2735 ltem
584 2686 680 2735 Ennius
693 2687 718 2735 in
729 2686 885 2751 Cresphonte
896 2722 901 2734 .
911 2721 917 2733 .
927 2685 947 2733 .'
958 2683 1006 2734 or.
1017 2698 1075 2733 ann.
1084 2686 1118 2734 Vl
1129 2685 1160 2735 lr.
1168 2685 1229 2735 Xlll

184 2752 218 2799 Vl
236 2753 310 2806 aher.
326 2754 359 2803 ad
371 2755 526 2804 Herennium
540 2757 560 2804 ll
573 2757 616 2815 25,
630 2753 664 2804 39
683 2756 758 2805 ‘item
772 2757 892 2805 uitiosum
905 2758 952 2815 est,
967 2769 1024 2804 oum
1038 2753 1065 2803 id
1079 2769 1126 2820 pro
1141 2762 1208 2806 carto
1222 2771 1265 2805 su·
1279 2749 1282 2756 ’

150 2821 239 2879 mitur,
259 2824 333 2884 quasi
349 2824 414 2873 inter
430 2838 517 2874 omnes
531 2815 640 2883 dorstet,
660 2825 818 2886 quodetiam
837 2838 904 2873 nuno
919 2825 945 2872 iu
961 2825 1134 2874 controuersia
1146 2833 1197 2884 est,
1216 2825 1265 2875 hoc

150 2889 239 2938 modo:
257 2891 318 2940 eho’
339 2908 362 2941 e.
376 2909 400 2955 q.
417 2907 438 2941 s.
463 2893 542 2943 ‘Nam
555 2895 591 2942 ita
605 2907 652 2959 pro
667 2908 712 2943 suo
727 2895 782 2944 iure
795 2893 844 2942 hoc
858 2893 976 2958 exemplo
992 2908 1067 2942 usum
1082 2893 1264 2960 Cresphontem

150 2958 246 3008 Ennius
268 2961 383 3021 induxit,
412 2963 555 3024 quasi‘iam
577 2964 639 3013 satis
658 2963 733 3012 certis
752 2963 893 3012 rationibus
915 2963 951 3011 ita
971 2977 1028 3012 esse
1046 2963 1263 3014 demonstrasset·

150 3026 370 3094 (thesprotum
386 3031 442 3080 Par.
460 3032 548 3081 Bamb.
566 3049 581 3082 a
597 3031 651 3082 Eri.
664 3033 786 3082 Wuerzb.
803 3031 1025 3096 threspontem
1041 3032 1130 3082 Bamb.
1145 3033 1161 3083 b
1179 3043 1264 3083 tres-

150 3107 279 3161 pontsm
294 3098 377 3164 Opitz.
387 3100 621 3166 ,chrespontum
635 3103 699 3151 Fris.
715 3101 937 3167 tesprotheum
950 3099 1026 3165 Tur.)
1040 3101 1128 3152 Cicero
1142 3104 1174 3153 de
1186 3104 1239 3152 inu.
1254 3105 1264 3152 l

149 3166 191 3226 49,
208 3167 239 3218 91
263 3174 467 3220 ‘controuersum
488 3181 538 3232 est,
558 3173 584 3221 in
602 3186 651 3234 quo
669 3171 702 3221 ad
720 3171 826 3222 dubium
845 3171 1070 3220 demonstrandum
1090 3171 1168 3222 dubia
1188 3187 1266 3222 causa

150 3237 277 3298 adfertur,
301 3238 350 3288 hoc
368 3241 457 3290 modo:
486 3241 546 3291 eho·
569 3259 592 3292 e.
606 3257 636 3308 q.
655 3256 676 3289 s.
748 3242 794 3290 Vll
812 3240 909 3289 Nonius
925 3255 952 3304 p.
965 3239 1025 3299 144,
1040 3239 1072 3290 14
1090 3241 1264 3302 ‘nitidant,

191 3384 241 3440 161
262 3379 340 3435 duxit
355 3378 522 3436 Serretes-ius.
547 3380 623 3438 ducit
643 3382 705 3438 cod.
793 3385 842 3440 162
864 3398 945 3436 meae
968 3397 1032 3436 cum
1053 3380 1179 3437 Bothr‘uc.
1200 3399 1263 3437 eum

150 3479 228 3518 meae
243 3463 306 3518 hhrr'
390 3463 492 3536 depeer
514 3464 575 3520 Vol.
592 3467 730 3538 deprecor
744 3467 825 3538 culpo
911 3469 962 3524 163
977 3465 1030 3522 eho
1047 3472 1076 3520 tu
1092 3465 1120 3520 di
1136 3467 1196 3536 (uel
1210 3466 1264 3533 dii)

151 3549 250 3618 quibus
269 3553 313 3602 est
324 3549 424 3619 priore
438 3550 496 3605 loco
510 3549 585 3605 Fris.
603 3551 696 3606 Troas.
713 3550 781 3606 Tur.
796 3551 896 3605 Bamb.
912 3550 928 3604 b
946 3549 1041 3622 Opitz,
1060 3551 1146 3606 chero
1161 3565 1264 3606 omnes.

152 3631 249 3688 studiis
266 3648 331 3688 esse
344 3631 416 3686 Par.
428 3649 464 3687 m.
474 3649 525 3704 pr.
540 3634 641 3690 studiis
656 3629 672 3689 ἔ
694 3634 822 3689 Wuerzh.
839 3633 923 3688 studii
938 3635 1038 3704 quibu's
1053 3641 1095 3689 est
1111 3634 1179 3706 Erf.
1196 3635 1265 3690 nihil

152 3715 234 3772 studii
255 3733 320 3772 esse
335 3715 435 3771 Bamb.
451 3734 469 3771 a
491 3723 517 3772 et
533 3717 609 3774 Frro.
623 3721 652 3773 in
666 3735 720 3789 my.
737 3718 775 3771 nil
789 3724 819 3772 tu
834 3717 873 3772 dii
888 3733 952 3772 esse
968 3717 1040 3773 Par.
1054 3734 1130 3773 corr.
1214 3735 1264 3790 po·

151 3806 234 3858 testas
257 3808 349 3856 motus
364 3803 464 3873 pm’orc
477 3803 536 3857 loco
554 3802 622 3858 Tur.
637 3801 736 3858 Bamb.
751 3801 768 3855 h
784 3800 882 3873 θρῖα.
907 3801 994 3858 altero
1009 3816 1112 3858 omnes.
1137 3810 1264 3874 potestas

151 3885 225 3942 l'rr's.
245 3891 371 3958 potestas
391 3892 438 3941 aul
454 3893 546 3942 motus
564 3887 658 3942 Troos.
679 3893 771 3958 potest
793 3892 840 3941 aut
858 3893 962 3942 motum
982 3885 1053 3942 Par.
1075 3902 1112 3940 m.
1124 3904 1176 3959 pr.
1195 3887 1262 3960 Erf.

150 3977 241 4043 potest
253 3977 396 4028 almorum
413 3969 542 4026 Wacrzh.
554 3979 647 4046 potest
658 3978 705 4038 aut
716 3970 885 4026 motusPar.
899 3971 1099 4026 omnemne
1113 3977 1139 4026 et
1149 3971 1224 4028 Fris.
1236 3974 1264 4027 in

151 4073 200 4128 ary.
287 4061 339 4116 164
353 4072 452 4127 paoem
468 4056 539 4110 inter
549 4058 648 4128 patore
659 4057 717 4112 loco
728 4055 856 4111 Bernhh
872 4055 966 4112 Troos.
984 4055 1051 4112 Tur.
1065 4055 1142 4111 Fris.
1156 4073 1193 4110 m.
1203 4066 1263 4130 pr,

151 4142 234 4198 oltcro
248 4156 350 4200 omrces.
373 4157 473 4213 pacem
496 4142 571 4195 enirn
586 4141 656 4196 inter
672 4140 742 4196 Par.
758 4140 891 4194 Brenthe
914 4140 981 4211 Erf.
996 4139 1072 4196 nra.
1094 4155 1170 4196 corr.
1192 4158 1263 4212 paee

153 4226 223 4280 enim
239 4229 311 4281 inter
335 4225 463 4282 Wucrzh.
549 4242 581 4281 se
595 4225 695 4280 Bamb.
712 4224 729 4278 h
749 4224 825 4279 Fris.
911 4228 962 4284 165
984 4241 1000 4278 ο
1019 4226 1066 4296 pie
1085 4241 1146 4280 sam
1166 4241 1262 4280 seeum

153 4309 289 4366 adnodant
300 4310 363 4366 lihrr‘
447 4315 498 4372 166
512 4311 616 4365 sontem
629 4310 691 4365 edd.
705 4311 803 4364 fortem
813 4309 884 4364 zuar.
897 4315 963 4364 eunt
974 4307 1011 4364 ad
1022 4311 1134 4378 iontem,
1147 4310 1264 4366 nitidant
