2984 5048
629 469 985 527 Tuuuunnlnuvu

650 634 964 710 GRESPHONTES

355 844 364 914 ⁴.
419 898 427 914 .
481 845 620 915 intense
638 844 781 916 sortiunt
801 741 914 913 ilrrbem
932 842 1031 934 atque
1052 863 1166 934 agros.

356 1061 445 1131 Audi
464 1063 564 1154 atque
583 1062 704 1133 auditis
722 957 957 1132 hostlilmentum
975 1060 1158 1154 adiungito.

760 1180 802 1252 lll
816 1178 856 1216 **

271 1293 336 1362 155,
357 1281 478 1352 iniuria
498 1283 558 1352 abs
580 1285 613 1352 to
634 1282 772 1354 adficior
790 1281 942 1376 indigna,
965 1283 1067 1372 pater.

326 1453 331 1464 ,
356 1386 439 1454 Nam
459 1383 488 1454 si
500 1385 682 1476 ‘inprobum
699 1407 775 1456 esse
793 1383 1033 1476 Cresphontem
1052 1381 1130 1452 olim
1147 1383 1354 1470 existimas,

357 1485 424 1558 Gur
441 1509 494 1556 me
511 1487 587 1558 huic
608 1489 742 1560 locabas
759 1487 907 1580 nuptiis?
933 1485 992 1556 Sin
1011 1485 1064 1555 est
1085 1487 1221 1576 probuS,

356 1588 423 1661 Gur
440 1589 537 1660 telem
562 1590 697 1660 inuitam
723 1591 862 1662 inuitum
881 1589 977 1681 cogis
996 1587 1168 1682 linquere?

762 1709 862 1779 Pater

958 1805 1049 1876 Duxi
1064 1804 1221 1897 probum:

272 1919 331 1981 tuo
358 1909 492 1994 Errini,
520 1914 597 2001 post
615 1907 777 2003 cognoui,
802 1915 834 1980 et
852 1909 947 2002 fugio
965 1908 1144 2001 cognitum.

292 2074 492 2126 Gauseuourts
529 2078 540 2125 1
558 2077 656 2128 Nonius
666 2094 692 2145 p.
703 2077 791 2140 471,9
806 2079 980 2128 ‘sortireut
991 2090 1038 2142 pro
1051 2076 1207 2126 sortirentur.
1232 2075 1326 2124 Varro

257 2149 341 2197 inter
363 2161 396 2194 se
414 2146 760 2212 sortiunt.„moderant
849 2147 995 2196 sortiunt
1013 2145 1110 2194 Ennius
1131 2143 1268 2195 Greslonte

293 2216 314 2262 ll
332 2215 422 2264 Festus
434 2229 461 2279 p.
472 2213 567 2276 270M.
587 2216 787 2267 ‘redhostire
798 2243 833 2254 -
844 2241 880 2254 -
892 2230 952 2266 nam
966 2221 991 2265 et
1004 2214 1128 2264 hostire
1140 2228 1187 2279 pro
1201 2227 1322 2276 aequare
1336 2227 1385 2278 po-

257 2289 370 2334 suerunt.
394 2283 491 2332 Ennius
511 2283 537 2332 in
555 2283 712 2350 Cresphonte
733 2287 785 2334 ...'
855 2285 888 2334 llI
911 2284 986 2334 Rhet.
1010 2283 1043 2333 ad
1056 2283 1209 2334 Herennium
1232 2283 1256 2331 ll
1278 2285 1328 2342 24,
1351 2281 1386 2332 ³8

258 2359 375 2402 ‘utuntur
402 2352 481 2418 igitur
510 2353 624 2403 studiose
644 2353 670 2402 ln
688 2353 860 2404 confirmanda
877 2355 975 2404 ratione
997 2351 1095 2418 duplici
1113 2352 1296 2412 conclusione,
1332 2351 1382 2401 hoc

258 2422 336 2474 modo
356 2419 527 2488 [itt-tut}
559 2421 629 2482 Quae
646 2423 695 2474 hoe
707 2425 786 2483 modo
798 2421 993 2482 concludentur,
1017 2430 1060 2472 ant
1073 2437 1107 2472 ex
1125 2422 1251 2472 contrario
1267 2435 1382 2472 conuer-

258 2499 341 2544 tentur
354 2499 396 2542 aut
410 2505 443 2541 ex
454 2492 567 2557 simplici
580 2500 653 2558 purte
671 2493 897 2559 reprehendentur.
925 2492 965 2542 Ex
978 2492 1104 2540 contrario
1120 2492 1169 2541 hoo
1182 2490 1274 2540 modo:

397 2559 494 2610 Nulla
512 2569 541 2610 te
559 2561 707 2627 indigne,
727 2577 742 2612 o
761 2569 847 2622 nata,
869 2561 993 2612 edlieio
1013 2561 1148 2610 iniuria:

398 2628 431 2679 Si
449 2630 568 2694 probus
586 2638 646 2690 est,
665 2632 743 2682 bene
759 2632 881 2682 loeaui:
898 2632 949 2681 sin
967 2637 1015 2680 est
1031 2630 1204 2696 inprobus,
1253 2686 1256 2692 ,

397 2697 547 2748 Diuortio
566 2707 598 2749 te
617 2701 763 2751 liberabo
782 2699 1011 2750 incommodis!

259 2770 303 2836 (ln
313 2783 377 2831 quae
387 2767 528 2833 scripturae
537 2768 726 2834 discrepantiae
734 2769 784 2820 hae
793 2777 863 2819 sunt:
879 2770 893 2820 t
908 2777 960 2819 ten
969 2767 1092 2818 Wuerzb.
1164 2781 1238 2816 oom.
1248 2766 1310 2815 Par.
1322 2762 1377 2814 Erl.

261 2837 345 2902 Opitt.
361 2836 484 2887 Wuerzb.
555 2845 631 2888 nuta
650 2838 774 2889 adlicio
789 2838 912 2889 Wuerzb.
983 2837 1107 2888 iniuria
1121 2835 1237 2886 allicio
1251 2835 1347 2885 Bamb.
1362 2833 1377 2880 b

261 2907 308 2956 sed
329 2921 386 2956 cnm
403 2907 485 2972 signis
502 2909 708 2972 transpositionis
726 2925 760 2958 m.
774 2925 814 2974 pr.
885 2910 901 2958 ’2
918 2923 949 2957 es
962 2906 1016 2958 uri.
1032 2905 1155 2956 Wuerzb.
1226 2905 1311 2954 bene
1329 2904 1376 2951 lo-

261 2977 332 3024 csui
346 2975 448 3024 Aldina.
469 2975 576 3026 loeaui
594 2977 683 3027 Bumb.
697 2978 713 3026 b
726 2977 810 3044 Opitr.
826 2976 996 3027 conlocaui
1009 2977 1066 3027 Par.
1081 2974 1242 3025 eollooaui
1257 2973 1377 3023 bamba

261 3045 326 3094 Fris.
341 3045 427 3093 Tross.
443 3044 504 3093 Tur.
575 3046 623 3095 sin
638 3062 670 3095 es
687 3047 741 3098 Eri.
756 3049 806 3096 sin
822 3053 923 3096 autem
938 3053 985 3095 est
998 3045 1088 3095 Bamb.
1103 3045 1118 3093 b
1132 3043 1215 3110 Opitz.
1231 3043 1298 3096 Fris.
1314 3042 1375 3091 Tur.

261 3116 310 3164 sin
330 3121 382 3163 aut
401 3114 489 3164 Trous.
561 3115 741 3165 collocabis
760 3117 847 3166 inest
864 3115 988 3164 Wuerab.
1060 3114 1076 3165 3
1094 3113 1233 3163 diuortii
1249 3113 1303 3162 Eri.

258 3192 288 3234 te
310 3185 414 3234 libero
440 3183 494 3234 nrt.
521 3185 626 3235 libero
651 3193 681 3235 te
702 3187 760 3235 Par.
782 3185 871 3234 Bamb.
892 3199 908 3233 a
931 3185 995 3234 Fris.
1021 3183 1144 3235 Wuerab.
1172 3182 1324 3232 liberabo
1346 3187 1375 3227 te

264 3295 470 3305 .....-.----

188 3365 191 3372 ‘
302 3363 353 3417 153
365 3375 400 3414 en
410 3359 590 3430 praemittunt
599 3358 667 3424 iibri,
677 3363 789 3415 eiectum
798 3358 833 3414 ab
842 3356 1037 3426 O.·Ribbeclcio‚
1049 3355 1087 3428 os.
1093 3372 1182 3429 supro
1248 3353 1373 3415 litandi

261 3442 396 3513 Sooliper.
413 3441 494 3496 andis
511 3442 572 3496 cod.
658 3450 708 3502 155
731 3460 747 3498 a
764 3450 789 3497 te
810 3442 897 3513 Opitz.
981 3441 1097 3496 adficior
1119 3441 1249 3498 Wuerzb.
1266 3439 1373 3495 allicior

260 3528 343 3599 cubo
428 3525 542 3596 indigne
557 3525 655 3579 Bomb.
669 3544 686 3580 o
702 3520 777 3582 Fris.
865 3530 915 3585 156
931 3542 995 3580 nam
1013 3529 1036 3581 si
1052 3526 1199 3597 inprobum
1213 3541 1277 3579 esse
1294 3524 1372 3580 Cres·

260 3611 393 3683 phontem
406 3611 471 3664 oiim
480 3609 628 3666 existimas
637 3611 840 3668 Fluctuamur.
853 3627 916 3665 uam
929 3611 953 3665 si
965 3611 1112 3680 inprobum
1122 3625 1187 3664 esse
1196 3607 1372 3679 Chresphon·

263 3703 315 3751 tem
335 3695 478 3750 existimas
491 3694 554 3748 libri
561 3737 568 3762 ‚
584 3696 639 3750 uisi
648 3697 721 3767 quod
728 3698 828 3769 priore
839 3697 910 3751 Ioco.-
932 3693 1148 3765 chresponthem
1162 3692 1231 3747 Par.
1244 3693 1370 3748 Bambo

262 3782 337 3838 Fas.
361 3778 550 3850 chresponthe
579 3779 707 3836 Wuerzb.
731 3786 907 3852 erespontem
932 3778 1019 3850 Opitz.
1041 3779 1221 3833 existimabas
1242 3775 1371 3833 Bambb

265 3866 358 3921 Troas.
383 3863 451 3919 Tur.
475 3862 577 3934 opita,
599 3865 699 3919 altero:
722 3867 869 3936 inprobum
893 3863 1083 3934 threspontem
1105 3878 1170 3917 esse
1191 3863 1368 3917 existimabas

261 3949 360 4006 namu.
368 3949 384 4004 b
392 3946 481 4020 Opitz.
494 3963 557 4001 nam
569 3948 592 4000 si
606 3949 761 4019 improbum
769 3948 970 4020 Cresphontem
983 3947 1197 4002 existimaueras
1207 3947 1297 4019 uuipo.
1308 3963 1369 4002 narn

262 4037 285 4089 si
300 4035 377 4099 duxi,
392 4033 487 4087 mediet
501 4033 615 4100 ombus,
629 4034 715 4088 abero
726 4034 785 4088 loco
802 4031 930 4089 Wuerzb.
1017 4033 1068 4090 157
1084 4030 1169 4086 huius
1181 4030 1257 4086 Fris.
1267 4031 1333 4086 lbr.
1347 4033 1372 4084 et

262 4133 338 4173 corr.
349 4117 420 4172 Par.
431 4123 546 4188 utroque
556 4117 621 4182 ioco,
638 4116 730 4172 Troos.
743 4118 840 4173 altero.
852 4117 896 4172 bis
909 4117 1006 4170 Bamb.
1019 4115 1131 4171 butero
1143 4116 1200 4170 loco
1276 4114 1369 4172 locasti

264 4202 331 4257 Tur.
419 4201 506 4256 sinesi
536 4201 664 4256 Wuerzb.
689 4202 759 4256 sine.
783 4203 806 4256 si
828 4201 894 4274 Ers.
981 4205 1033 4259 158
1054 4202 1159 4270 liquere
1183 4199 1254 4255 Por.
1274 4217 1311 4254 m.
1322 4216 1368 4274 pr.

268 4285 396 4343 Wuerzb.
408 4285 505 4341 Bomb.
517 4286 533 4339 b
546 4283 634 4356 Opitz.
647 4287 805 4360 relinquere
817 4285 894 4340 Frui.
909 4283 1002 4341 Troes.
1014 4285 1081 4341 Tur.
1094 4289 1121 4340 et
1130 4299 1206 4339 corr.
1219 4283 1289 4339 Por.

260 4377 313 4432 160
324 4385 418 4426 errare
432 4370 509 4426 Fris.
572 4371 703 4442 cognom,
717 4371 793 4443 fugio
806 4386 879 4426 nune
891 4370 1035 4441 cognitum
1047 4369 1170 4424 Bombb
1184 4368 1369 4443 Tross.0pitz.

1469 2709 1471 2798 1

1469 2899 1471 2972 1

1469 3093 1471 3135 1
