3112 5040
603 435 835 494 ENNIANAE
1165 453 1276 501 Lxxtx

166 598 345 657 commodius
375 599 472 675 possis
501 619 586 679 qnam
613 611 644 660 ut
670 599 864 662 Ribbechium
892 613 1009 664 secutus
1038 604 1096 664 ieci
1124 608 1274 668 trochaico

164 720 284 762 numere
307 704 351 762 sic
371 704 510 764 dimetiri:
539 707 608 782 c'per
629 712 753 782 oppletae
782 709 909 766 imbrium
932 711 1056 770 Fre'mt'tu
1086 709 1189 788 (Trag.
1216 714 1275 773 146

164 811 237 888 sup).
262 810 480 870 Verumtamen
497 829 559 870 cum
576 812 738 872 testimonia
754 813 1004 888 grammaticorum
1016 825 1131 894 reputo,
1149 833 1274 896 propen-

162 918 225 974 sior
246 925 291 974 est
310 918 420 976 animus
442 916 478 974 ad
498 917 691 992 credendum,
713 935 830 992 uerum,
853 918 891 977 ita
910 927 938 976 ut
961 918 1002 994 ht,
1024 918 1077 978 sub
1100 922 1202 998 specie
1225 922 1274 982 de·

163 1022 329 1097 prauatiore
356 1019 542 1080 delitescere.
589 1021 686 1099 Atque
711 1024 740 1081 iu
767 1033 902 1100 promptu
931 1032 976 1082 est
1007 1025 1187 1100 emendatio,
1218 1045 1274 1105 qua

162 1135 193 1184 ut
223 1127 354 1186 trochaei
383 1126 529 1202 turpitudo
556 1125 732 1204 abstergitur
756 1129 793 1186 ita
817 1128 956 1204 insignior
978 1128 1140 1206 scripturae
1163 1130 1273 1190 discre-

162 1232 259 1309 pantia
282 1231 458 1290 inlustratur.
497 1231 611 1292 Etenim
633 1232 759 1292 adhibita
780 1251 855 1293 uoce
878 1234 993 1310 antiqua
1015 1242 1044 1292 et
1061 1251 1135 1310 quae
1155 1237 1274 1313 saepius
1323 1308 1325 1314 y

166 1355 229 1395 oum
252 1337 320 1396 alihi
342 1345 400 1396 tum
422 1336 498 1414 apud
519 1335 640 1396 Ennium
660 1341 743 1416 quasi
764 1359 802 1400 ex
823 1337 971 1397 obliuione
995 1340 1132 1400 suscitata
1152 1351 1197 1400 est
1220 1343 1272 1414 (ci.

164 1441 239 1500 Anu.
260 1443 328 1503 161.
346 1441 418 1500 314.
435 1443 524 1520 411),
544 1441 627 1502 Ennii
650 1463 762 1505 manum
784 1447 823 1506 ita
845 1443 974 1519 reiiug'o:
998 1463 1087 1504 noenu
1103 1451 1179 1506 decet
1199 1467 1272 1508 mus-

163 1566 229 1606 sare
248 1550 338 1606 donoc.
384 1551 480 1608 Noenu
503 1550 577 1606 enim
600 1559 802 1628 posteaquam,
826 1559 856 1609 ut
880 1549 1062 1628 plerumque,
1084 1553 1113 1610 iu
1134 1574 1191 1612 uou
1209 1573 1274 1632 par·
1336 1545 1339 1556 ’

164 1651 279 1711 ticuiam
302 1652 388 1728 abiit,
412 1669 469 1712 nou
491 1637 624 1714 indoctus
647 1655 782 1714 librarius
803 1655 948 1716 labentem
970 1655 1108 1716 uersiculi
1127 1676 1273 1718 numerum

163 1774 198 1816 ea
222 1757 314 1818 iorma
342 1777 426 1836 quam
452 1759 640 1837 Philargyrus
671 1762 799 1822 seruauit
830 1783 885 1822 uon
910 1773 1030 1838 poseium
1054 1783 1181 1824 mussare
1212 1769 1276 1826 boui

163 1871 327 1924 sustentare
349 1865 472 1925 uiriliter
494 1867 611 1926 studuit.

249 1969 294 2029 nd
317 1971 428 2030 calcem
448 1973 589 2032 annalium
614 1983 784 2050 peruentum
808 1983 868 2050 est,
899 1975 1002 2052 inqua
1024 1979 1130 2050 poeta,
1161 1983 1190 2033 nt
1209 1976 1272 2052 ipse

163 2073 218 2134 hac
234 2077 451 2152 opportunitate
469 2079 577 2136 monuit
600 2079 684 2157 (tv),
708 2080 860 2156 septimum
883 2088 913 2137 et
935 2079 1148 2154 sexagesimum
1172 2097 1273 2139 anuum

163 2197 255 2256 agens
272 2180 443 2242 elaborauit.
480 2180 525 2242 Cf.
545 2201 572 2260 p.
589 2182 667 2243 XIX.
703 2183 745 2244 lbi
761 2194 915 2262 praeterea
932 2185 988 2246 alia
1004 2186 1040 2245 de
1060 2185 1117 2243 uita
1138 2202 1188 2243 sua
1208 2201 1272 2242 uar-

164 2285 245 2345 raudi
261 2287 394 2364 cupidior
417 2306 509 2346 senex
525 2290 716 2366 exprompsit.
761 2287 833 2348 Nam
849 2288 923 2350 haec
944 2310 1018 2369 quae
1033 2288 1169 2350 Ciceroni
1192 2286 1271 2366 (Cat.

164 2393 228 2450 mai.
242 2391 339 2469 5,14)
354 2391 493 2454 debemus
510 2400 551 2453 sic
565 2404 594 2454 ut
605 2398 689 2470 sortis
703 2413 788 2468 equus
798 2402 886 2470 cputio
898 2403 945 2471 qui
964 2416 1048 2472 saepe
1058 2414 1188 2471 supremo
1206 2399 1275 2454 Vicit

166 2501 292 2572 Olimpio,
314 2519 388 2558 nuuc
405 2505 480 2558 scuto
501 2501 643 2574 confectus
658 2504 771 2572 quiescit
789 2499 873 2577 (Vll)
891 2499 966 2561 haud
988 2501 1074 2560 dubie
1089 2500 1198 2561 Ennius
1216 2518 1273 2558 nou

165 2604 288 2662 seorsim
316 2603 351 2662 ab
379 2607 481 2666 aetatis
506 2621 576 2664 suae
604 2604 878 2665 commemoratione
902 2605 1012 2664 extulit.
1058 2605 1164 2683 Tetigit
1187 2607 1272 2666 etiam

163 2728 255 2785 genus
275 2728 356 2770 suum
377 2711 455 2788 quod
474 2728 490 2768 a
508 2710 644 2786 Messapo
667 2709 807 2784 originem
829 2709 915 2769 ducat
940 2710 1011 2789 (vt)
1032 2720 1060 2769 et
1080 2729 1112 2770 se
1132 2711 1272 2770 Rudinum

164 2833 233 2874 essa
261 2813 353 2873 Fuluii
379 2812 539 2874 Nobilioris
568 2814 713 2874 beneficio
736 2812 864 2900 Romana
893 2815 1009 2874 ciuitate
1040 2815 1174 2876 donatum
1201 2814 1270 2895 (V).

162 2919 227 2978 Hoc
250 2919 364 2997 quidem
385 2919 462 2997 quod
483 2919 519 2978 de
542 2919 658 2979 ciuitate
679 2919 747 2980 dicit
771 2921 864 2998 potuit
886 2921 970 2980 etiarn
994 2931 1051 2981 tum
1074 2941 1137 2982 cnm
1156 2924 1184 2981 iu
1205 2921 1271 2982 Fui-

164 3026 202 3084 uii
235 3025 321 3086 rebus
352 3025 524 3085 uersabatur
558 3041 801 3086 commemorare:
837 3003 1007 3104 quamquam
1038 3029 1129 3105 magis
1161 3027 1273 3088 adridet

164 3138 281 3209 poetam
303 3132 331 3189 iu
353 3140 483 3190 extrema
506 3139 602 3192 aetate
618 3133 778 3210 superioris
799 3133 876 3190 uitae
892 3133 1065 3192 admonitum
1081 3133 1158 3192 laeto
1178 3134 1272 3192 auimo

163 3237 253 3298 hacc:
276 3255 326 3296 noe
347 3255 442 3295 eumue
456 3240 577 3296 Romani
596 3244 644 3311 qui
657 3219 762 3313 fuimus
783 3248 846 3296 unte
868 3243 974 3298 Rudini
992 3238 1184 3304 exclamasse.
1227 3239 1273 3297 De

162 3346 279 3406 ciuitate
309 3343 393 3403 Ennii
422 3351 451 3401 et
479 3358 537 3421 quo
568 3352 653 3420 pacto
682 3361 746 3402 eam
771 3344 894 3422 adeptus
921 3345 958 3404 sit
987 3347 1053 3406 uide
1074 3343 1107 3402 F.
1131 3343 1273 3404 Ritterum

162 3449 285 3527 Ephem.
309 3451 397 3527 antiq.
413 3449 539 3508 Darmst.
561 3468 585 3513 a.
610 3449 690 3509 1840
712 3468 741 3527 p.
759 3448 819 3508 383
840 3467 884 3527 sq.
930 3451 988 3512 Sed
1007 3451 1081 3512 haec
1104 3450 1198 3510 omnia
1221 3450 1271 3510 du·

163 3555 239 3615 bites
261 3555 379 3614 initioue
410 3573 444 3613 au
469 3556 515 3614 iiui
539 3555 605 3614 libri
627 3552 775 3613 ascribas:
806 3554 873 3613 oiim
897 3565 1040 3633 tamquam
1063 3557 1184 3614 extremi
1209 3573 1271 3614 car·

162 3661 244 3719 minis
266 3660 403 3738 reliquias
422 3661 561 3737 adposui:
593 3678 668 3719 nnnc
697 3660 916 3718 conuenientius
939 3669 1047 3738 poetae
1071 3661 1272 3720 consuetudini

164 3765 277 3824 uidetur
299 3765 460 3843 prohoemii
481 3765 629 3826 materiam
653 3782 690 3822 ex
711 3763 755 3824 his
775 3765 905 3825 frustulis
925 3767 1069 3825 constitui.

247 3870 378 3952 Namque
394 3872 476 3950 quasi
489 3888 565 3929 nouo
585 3871 692 3947 impeto
710 3869 959 3930 adHistricum
979 3871 1118 3931 bellum
1138 3887 1204 3928 sese
1223 3887 1271 3928 ac·

164 3978 262 4054 cingit.
307 3976 353 4035 Ex
375 3993 412 4034 eo
433 3975 513 4035 bello
532 3976 641 4035 residet
658 3993 741 4054 quam
762 3975 870 4036 Ennius
887 3977 922 4037 ad
938 3977 1056 4036 Homeri
1075 3974 1124 4052 (11.
1143 3979 1177 4034 Π
1200 3973 1273 4053 1112)

131 4163 133 4168 Ι
163 4083 329 4160 exemplum
350 4081 463 4141 effinxit
485 4081 568 4141 sortis
580 4079 683 4140 tribuni
705 4082 852 4141 cuiusdam
874 4091 975 4142 contra
986 4082 1146 4143 Histrorum
1161 4082 1273 4158 iupres·

78 4193 82 4200 '
165 4188 274 4246 sionem
290 4208 322 4248 se
342 4187 526 4247 defendentis
538 4186 697 4263 descriptio
710 4186 779 4266 (11).
824 4186 869 4247 Dc
890 4206 922 4246 re
940 4188 1085 4246 consentit
1106 4205 1168 4246 cum
1186 4195 1274 4266 po'e'ta

167 4283 392 4349 LiuiusXL12.
438 4289 509 4352 Cum
531 4292 606 4352 euim
628 4291 717 4352 Histri
736 4303 831 4352 castra
851 4293 980 4352 Romana
994 4293 1030 4352 ad
1051 4293 1144 4354 lacurn
1167 4292 1276 4354 Timaui
