2984 5032
261 489 309 537 xx
448 467 450 472 ’
659 481 970 554 Qvnnsurouss

258 649 341 706 minis
370 648 697 728 imaginem-perficiat:
729 667 793 709 cum
822 650 904 709 unius
931 648 996 709 libri
1022 649 1101 710 mille
1132 657 1162 709 et
1189 649 1372 728 quingentos

252 755 306 834 uel
328 764 482 816 sescentos
505 756 553 817 uel
576 758 650 819 adeo
674 757 858 834 octingentos
881 774 984 816 uersus
1004 757 1095 816 luisse
1115 756 1276 832 adsumam,
1304 772 1369 816 non

257 860 375 921 multum
397 881 412 921 a
434 879 506 922 uero
530 881 649 925 numero
673 864 775 925 uideor
801 864 958 924 declinare.
1002 863 1085 924 Vnde
1110 862 1246 941 adparet,
1273 879 1368 941 quan-

257 965 319 1025 tillu
355 985 423 1046 puro
449 970 546 1048 quanti
576 970 709 1029 carminis
736 969 772 1030 ad
798 987 852 1029 nos
880 971 1063 1050 peruenerit:
1099 973 1234 1049 quoniam
1261 988 1367 1033 omnes

257 1091 360 1133 uersus
377 1094 571 1155 uersuumque
587 1077 748 1156 particulae
763 1087 945 1157 computatae
961 1081 1010 1138 uix
1027 1079 1140 1138 tertium
1151 1088 1261 1157 partem
1275 1051 1367 1140 unius

256 1199 293 1240 ex
316 1181 512 1261 duodeuiginti
533 1182 614 1243 libris
634 1184 805 1263 adaequent.
850 1183 944 1262 Larga
963 1186 1099 1245 materies
1120 1187 1147 1244 ei
1166 1188 1215 1276 qui
1230 1185 1367 1246 Merulae

256 1288 420 1366 exemplum
444 1291 567 1349 imitatus
597 1309 614 1350 e
635 1289 733 1367 Liuio,
763 1291 922 1367 Dionysio,
959 1291 1023 1352 aliis
1047 1309 1143 1352 rerum
1167 1291 1364 1371 scriptoribus

254 1411 307 1453 suo
336 1396 468 1474 periculo
498 1398 620 1476 explere
646 1399 774 1458 inmensa
802 1398 954 1458 interualla
984 1399 1166 1476 susceperit,
1200 1401 1228 1458 in
1254 1398 1362 1477 quibus

254 1503 394 1564 uersiculi
424 1513 454 1563 ut
483 1505 557 1583 apud
585 1504 745 1583 Vergilium
772 1505 814 1565 illi
837 1507 912 1565 ‘rari
940 1513 1050 1565 nantes
1069 1495 1097 1564 in
1117 1507 1233 1583 gurgite
1255 1510 1363 1566 uasto'

253 1620 403 1686 nugantur.
449 1611 507 1672 Sed
530 1613 648 1672 annales
671 1613 817 1672 Romanos
841 1615 959 1692 spiritu,
988 1614 1012 1671 si
1028 1610 1072 1671 dis
1088 1611 1203 1691 placet,
1226 1610 1361 1672 Enniano

253 1716 441 1777 conscribere
468 1719 532 1778 aliis
560 1721 709 1798 relinquo,
743 1722 807 1799 ipse
835 1729 987 1780 contentus
1015 1720 1118 1778 sinon
1146 1719 1302 1779 infeliciter
1328 1729 1359 1780 et

252 1822 324 1881 fines
347 1833 572 1903 argumentaque
585 1825 730 1884 librorum
752 1835 781 1885 et
802 1826 957 1886 mediocris
980 1835 1115 1884 uersuum
1137 1825 1226 1904 partis
1251 1841 1357 1884 nexum

252 1947 286 1990 ac
309 1949 425 1991 sensum
446 1930 584 2009 indagare
605 1932 767 2010 contigerit.

334 2036 572 2115 Fragmentorum
594 2057 713 2099 numero
734 2038 852 2098 relicuis
874 2039 961 2099 lacilc
985 2047 1114 2118 praestat
1138 2039 1273 2116 primus
1295 2055 1347 2098 au·

250 2142 362 2203 nalis:
392 2147 420 2203 in
448 2163 533 2224 quem
555 2163 612 2205 non
639 2163 750 2225 paucos
772 2165 875 2207 uersus
902 2146 1069 2226 opinatione
1094 2145 1175 2206 intuli
1196 2145 1259 2203 siue
1283 2142 1351 2204 elio·

249 2267 311 2309 rum
338 2252 402 2312 siue
431 2269 512 2312 mea:
543 2271 597 2312 nec
625 2254 649 2311 si
679 2257 724 2314 cui
750 2253 838 2333 puulo
867 2252 914 2313 lric
941 2251 1060 2313 liberius
1088 2270 1157 2311 usus
1182 2241 1353 2312 'coniectura

248 2355 365 2434 uidear,
394 2357 423 2418 id
452 2360 514 2420 siue
541 2361 654 2420 ratione
679 2359 794 2420 lactum.
839 2358 952 2437 Nempe
976 2377 1013 2418 ex
1041 2359 1127 2418 initiis
1150 2360 1245 2437 potius
1269 2377 1353 2438 quam

248 2481 266 2523 e
285 2464 386 2526 mediis
411 2475 440 2525 et
469 2469 606 2528 extremis
629 2465 802 2528 carminibus
822 2465 1001 2543 grammatici
1022 2463 1196 2543 depromere
1218 2466 1352 2544 exempla

247 2571 360 2633 solent:
389 2582 420 2633 ut
441 2573 623 2653 probabilior
648 2575 685 2633 ait
712 2574 770 2634 boc
798 2575 913 2634 nomina
937 2574 1060 2652 suspitio
1089 2571 1254 2651 quaebuic
1276 2571 1351 2632 libro

246 2696 331 2758 quam
353 2695 428 2757 quae
450 2681 498 2740 alii
520 2681 625 2740 tribuat
647 2681 817 2758 fragmenta.

330 2784 488 2848 Exordium
515 2785 623 2846 Ennius
648 2785 802 2848 Homerum
834 2787 957 2846 imitatus
993 2788 1070 2865 capit
1102 2783 1138 2846 ab
1167 2785 1350 2844 inuocatione

243 2889 389 2952 blusarum
406 2894 469 2954 siue
485 2890 706 2967 Casmenarum,
730 2910 801 2970 quas
817 2902 936 2954 ueteres
950 2893 1040 2954 latini
1059 2890 1201 2952 uocabant
1216 2891 1349 2971 (ll.lll):

244 3016 363 3076 quarum
384 2999 461 3077 quod
483 2999 531 3060 hic
552 3001 726 3058 mentionem
748 2999 863 3074 iniecit,
893 3019 931 3060 ex
957 3017 1038 3059 more
1064 3001 1134 3060 lecit
1160 3007 1267 3087 poete,
1300 3000 1348 3078 qui

243 3105 351 3165 inferre
378 3120 470 3167 uoces
491 3109 664 3186 peregrinas
687 3105 715 3163 in
738 3106 867 3183 patrium*
881 3122 1042 3164 sermonem
1064 3105 1127 3166 fere
1150 3108 1203 3166 nisi
1225 3107 1347 3186 explici·

242 3222 287 3273 tus
317 3221 345 3272 et
374 3230 438 3272 cum
470 3212 637 3290 uulgaribus
669 3211 845 3289 compositas
875 3212 980 3271 noluit:
1016 3212 1052 3272 de
1079 3228 1136 3291 quo
1167 3229 1247 3272 more
1279 3211 1347 3273 alibi

242 3318 324 3397 plura
345 3336 529 3398 expromam:
551 3319 621 3380 illud
643 3327 749 3379 tuntum
765 3317 851 3378 modo
874 3320 989 3395 mirum,
1012 3320 1088 3396 quod
1107 3320 1156 3379 uel
1172 3321 1199 3378 in
1214 3321 1346 3380 carminis

241 3426 414 3505 prohoemio
437 3436 466 3486 et
489 3427 517 3484 in
532 3425 676 3486 llusarum
697 3426 894 3505 adpellatione
916 3427 1131 3503 grammaticum
1153 3429 1225 3504 agit;
1248 3445 1344 3506 quam·

241 3551 325 3613 quam
354 3535 403 3594 uix
425 3535 568 3612 aptiorem
593 3531 661 3592 huic
681 3533 779 3592 uersui
801 3534 902 3593 sedem
925 3549 1007 3610 quam
1037 3533 1064 3590 in
1091 3534 1182 3610 prima
1200 3533 1344 3594 Musarum

240 3640 514 3702 commemoratione
535 3639 677 3718 reperies.
723 3638 827 3700 llurum
849 3657 923 3720 ope,
947 3648 976 3699 ut
997 3637 1126 3713 uidetur,
1151 3640 1258 3702 clarum
1281 3659 1343 3702 car·

239 3768 304 3810 men
328 3758 358 3808 et
383 3746 534 3808 inmortale
563 3745 687 3806 futurum
710 3756 865 3824 auguratus
888 3766 904 3807 a
926 3747 1066 3830 φιλαυτίᾳ
1088 3747 1203 3807 scilicet
1226 3764 1282 3806 non
1305 3749 1342 3808 ita

237 3856 349 3917 alienus
372 3863 459 3934 potita
482 3853 554 3933 (tv)
578 3854 679 3913 nescio
704 3851 807 3930 quibus
829 3852 967 3930 gradibus
990 3864 1019 3914 et
1044 3871 1102 3932 quo
1126 3873 1201 3914 nexu
1226 3863 1339 3931 senten·

237 3965 296 4024 tius
315 3964 351 4024 ad
371 3959 443 4023 illud
465 3959 586 4021 celebre
604 3959 743 4020 somnium
765 3962 881 4039 pergit,
904 3961 979 4022 unde
1002 3961 1126 4039 diligens
1142 3960 1341 4034 Enniisecta·

237 4080 285 4130 ton
301 4069 450 4148 Vergilius
481 4067 599 4128 colores
622 4065 762 4146 quosdam
789 4067 891 4126 somnii
913 4067 1033 4128 Aeneae
1061 4066 1249 4146 deprompsit.
1295 4065 1339 4128 Gi.

236 4176 311 4236 Aen.
328 4174 509 4252 11auosqq.
525 4182 556 4234 et
567 4173 687 4234 Seruius
700 4172 735 4233 ad
746 4172 775 4232 lr.
789 4173 809 4232 l.
863 4171 947 4236 Ennii
958 4177 1107 4250 somnium,
1124 4173 1206 4233 cuius
1218 4173 1340 4252 paucula

235 4282 377 4362 quaedum
396 4281 519 4357 uestigia
537 4290 652 4357 extant,
676 4282 759 4360 quasi
776 4279 917 4362 τηλαυγὲς
931 4275 1090 4362 πρόσωπον
1111 4280 1139 4338 in
1160 4280 1225 4359 ipso
1244 4279 1338 4341 limine

235 4386 368 4448 carminis
394 4387 519 4465 positum
543 4387 634 4448 luisse
662 4387 750 4467 aliqui
773 4394 865 4448 testes
891 4386 1020 4464 tradunt,
1057 4385 1109 4450 sed
1136 4387 1175 4448 ita
1204 4395 1234 4446 nt
1261 4387 1338 4448 ueris
