3112 5040
599 426 840 496 RELIQVIAE

660 594 773 664 XXIV

177 723 274 785 300.
329 766 337 782 .
391 767 399 810 .·
454 767 462 782 .
516 765 523 782 .
577 710 710 782 Poenos
728 710 856 780 Didone
873 713 1031 785 oriundos

602 1013 760 1096 crona
792 1005 872 1142 uJ

719 1224 732 1294 l

267 1338 436 1431 [Fortuna]
459 1340 552 1411 naria
571 1337 691 1411 ualidis
709 1361 784 1410 cum
801 1339 927 1410 uiribus
949 1339 1081 1410 luctant.

689 1472 716 1541 ll
730 1469 747 1508 *

265 1585 379 1655 Liuius
399 1585 474 1656 inde
493 1586 576 1656 redit
596 1607 719 1680 magno
742 1592 901 1658 mactatus
919 1587 1094 1679 triumpho.

727 1716 743 1755 *
751 1717 768 1755 *

267 1833 434 1924 Europam
452 1833 656 1928 Libyamque
672 1718 782 1927 Irlripan
804 1836 859 1905 ubi
879 1835 993 1906 diuidit
1012 1835 1102 1906 unda

699 1964 747 2035 lV

265 2079 409 2149 Additur
425 2085 538 2151 orator
555 2080 728 2151 Cornelius
748 2081 991 2175 suauiloquenti

177 2191 239 2253 305
267 2179 333 2252 Orc
355 2181 501 2276 Cetegns
524 2185 655 2255 Marcus
674 2185 836 2255 Tuditano
858 2185 999 2278 conlega

163 2385 301 2447 uariasque
324 2384 396 2433 labor
409 2386 541 2436 mutabilis
558 2389 616 2437 aeni
629 2388 735 2438 Rettulit
753 2389 780 2436 in
795 2386 901 2436 mellus:
928 2385 1021 2436 multos
1042 2383 1139 2434 alterna
1158 2385 1275 2434 reuisens

163 2453 236 2502 Lusit
248 2463 272 2502 et
287 2455 313 2503 in
326 2453 411 2504 solido
423 2470 511 2504 rursus
524 2456 626 2506 fortuna
638 2457 739 2507 locauit,
761 2456 835 2520 [Aen.
851 2456 887 2505 Xl
900 2455 961 2517 425]
977 2455 1074 2504 Ennius
1087 2455 1113 2502 in
1127 2461 1217 2504 octauo
1227 2489 1233 2502 .
1242 2489 1249 2502 .
1259 2455 1274 2502 .’

232 2522 317 2572 XXIV
336 2523 482 2572 Priscianus
496 2526 531 2574 Vl
546 2541 572 2589 p.
587 2525 638 2576 685
652 2527 680 2576 P.
695 2526 721 2593 (1
736 2541 763 2590 p.
777 2524 826 2576 231
843 2522 888 2589 ll.)
907 2524 994 2586 ‘quod
1007 2533 1090 2573 autem
1106 2523 1174 2572 lonIs
1191 2532 1216 2572 et
1231 2523 1279 2590 lli-¹

164 2592 238 2641 donis
251 2592 404 2657 Calypsonis
417 2593 519 2654 dleltnr,
536 2595 646 2644 ostendit
663 2632 723 2645 ....
743 2596 839 2644 Ennius
853 2595 878 2642 in
892 2594 952 2643 VIII
970 2595 1028 2642 ...'
1064 2592 1117 2657 (in
1135 2593 1195 2641 VIII
1213 2593 1275 2642 En-

164 2663 242 2710 nius
260 2661 387 2711 Halberst.
403 2661 466 2726 Reg.
482 2678 516 2712 m.
530 2661 585 2728 pr.)

197 2759 284 2808 Lusus
299 2757 336 2807 IX
371 2760 382 2806 l
400 2757 497 2808 Nonius
511 2761 634 2824 pltat
652 2759 797 2810 ‘luctant
810 2775 856 2827 pro
870 2761 1004 2810 luctantur.
1030 2759 1126 2809 Ennius
1141 2759 1185 2808 lib.
1202 2759 1275 2808 Vllll

183 2828 220 2876 ..⁹
294 2828 315 2875 ll
347 2825 453 2876 Seruius
472 2830 498 2877 in
517 2830 581 2879 Aen.
601 2829 638 2879 IX
656 2830 705 2880 641
736 2833 848 2880 ‘mactus
873 2839 956 2880 antem
983 2831 1053 2896 apud
1077 2837 1176 2878 ueteres
1198 2830 1274 2878 ettam

163 2904 325 2946 mactatus
346 2897 492 2959 dicebatur,
518 2906 545 2947 ut
564 2900 674 2950 Ennius:
693 2901 796 2950 Liuius’
819 2917 841 2949 e.
856 2916 880 2963 q.
898 2915 919 2948 s.
954 2901 1008 2949 Huc
1030 2899 1124 2948 rettulit
1142 2898 1240 2948 Merula

199 2967 235 3014 lll
254 2965 342 3015 Cicero
355 2966 431 3016 Tusc.
446 2967 513 3033 disp.
530 2969 596 3030 120,
611 2970 646 3020 45
664 2970 772 3034 ‘etenim
786 2970 809 3018 si
822 2985 889 3018 nunc
905 2969 1003 3033 aliquid
1017 2970 1119 3032 assequi
1134 2984 1162 3017 se
1176 2975 1275 3033 putant,

165 3037 208 3098 qni
228 3035 321 3084 ostium
334 3036 408 3085 Ponti
426 3037 544 3087 uiderunt
564 3047 588 3088 et
607 3053 650 3088 eas
671 3040 803 3104 angustias
815 3055 861 3104 per
873 3054 936 3103 quas
947 3039 1090 3105 penetrauit
1105 3053 1135 3087 ea
1153 3053 1217 3100 quae
1237 3045 1276 3086 est

164 3106 293 3155 nominata
307 3107 377 3172 Argo
461 3116 506 3157 aut
520 3109 539 3156 ii
553 3108 596 3171 qui
611 3108 705 3158 Oceani
717 3109 782 3159 freta
793 3109 839 3158 illa
852 3110 971 3158 uiderunt
985 3109 1069 3158 Euro
1076 3109 1158 3172 pam'
1174 3123 1197 3156 e.
1213 3123 1237 3169 q.
1252 3123 1275 3156 s.

164 3176 248 3237 ‘quod
263 3175 366 3229 tandem
379 3177 553 3242 spectaculum
566 3178 621 3228 fore
633 3179 783 3244 putamus?
817 3179 887 3228 ldem
901 3178 932 3227 de
946 3187 997 3227 nat.
1014 3178 1119 3227 deorum
1132 3177 1167 3224 lll
1187 3175 1228 3235 10,
1241 3178 1275 3225 24

164 3246 242 3308 ‘quid
258 3245 405 3296 Chalcidico
419 3247 515 3312 Euripo
535 3248 561 3297 iu
582 3255 653 3296 motu
672 3248 811 3297 identidem
831 3247 1014 3312 reciprocando
1031 3254 1106 3312 putas
1123 3245 1178 3294 lieri
1198 3259 1275 3310 posse

163 3316 336 3375 constantius,
361 3315 424 3378 quid
438 3317 502 3367 lreto
517 3315 662 3376 Siciliensi,
686 3317 749 3380 quid
764 3316 858 3366 Oceani
872 3316 975 3367 leruore
985 3316 1038 3365 illis
1056 3317 1082 3364 in
1095 3315 1157 3364 locis
1170 3315 1254 3364 Euro
1264 3345 1275 3351 -

164 3386 249 3450 pam'
269 3401 292 3437 e.
309 3401 334 3447 q.
349 3399 370 3434 s.
403 3386 484 3435 Ennio
498 3387 609 3447 Merula,
628 3387 689 3436 huic
709 3386 766 3437 se'di
785 3387 926 3436 uindicauit
946 3386 993 3436 Th.
1009 3386 1108 3451 Hugius
1179 3385 1213 3434 IV
1233 3385 1275 3434 oi-

164 3469 221 3502 cero
243 3454 314 3502 Brut.
337 3453 380 3512 15,
401 3454 435 3505 58
459 3456 660 3507 ‘M.=Cornclius
680 3456 821 3522 Cethegus,
846 3457 918 3506 cuius
939 3457 1099 3519 eloquentiae
1121 3460 1159 3504 est
1178 3463 1274 3514 auctor,

165 3530 190 3572 et
208 3522 316 3572 idoneus
334 3523 437 3585 quidem
451 3540 509 3575 mea
525 3527 664 3587 sententia,
691 3525 721 3584 Q.
741 3527 865 3575 Ennius
881 3554 916 3562 -
935 3552 970 3562 -
997 3534 1035 3575 est
1052 3526 1132 3590 igitur
1149 3525 1187 3573 sic
1205 3525 1276 3589 apud

165 3591 238 3641 illum
253 3593 278 3640 in
292 3606 358 3641 nono
372 3599 400 3640 ut
414 3595 505 3658 opium
518 3595 618 3644 annali:
639 3595 772 3644 additur
867 3595 971 3644 lilins.
1003 3597 1034 3644 Et
1047 3602 1170 3644 oratorem
1185 3593 1275 3659 appel-

167 3661 201 3710 lat
226 3667 251 3711 et
269 3660 500 3722 suauiloquentiam
522 3665 610 3713 tribuit
706 3664 753 3712 sed
771 3671 809 3712 est
827 3679 858 3713 ea
879 3664 934 3713 lans
955 3663 1113 3727 eloquentiae
1133 3672 1200 3711 certe
1221 3677 1275 3711 mn-

164 3732 251 3780 xima:
278 3731 306 3781 is
324 3731 448 3780 dictust
543 3731 669 3799 populi:
695 3732 775 3797 probe
789 3748 865 3794 uer03
884 3741 912 3781 ut
925 3733 993 3782 enim
1006 3733 1118 3782 hominis
1133 3733 1273 3797 ingenium,

166 3803 203 3851 ric
222 3801 319 3868 Ingenii
337 3801 420 3866 ipsine
438 3801 523 3852 lumen
543 3811 582 3852 est
600 3801 758 3864 eloquentie,
788 3815 839 3864 qua
854 3802 938 3851 uirum
958 3801 1125 3852 excellentem
1144 3799 1275 3865 praeclare

166 3911 370 3924 —u-——a

207 3983 260 4038 300
280 3975 409 4049 phoenus
425 3974 513 4050 Lupd.
534 3993 624 4049 penos
639 3976 781 4033 Hclbersl.
796 3975 866 4049 Req.
882 3975 968 4050 Scap.
1095 3980 1146 4034 301
1167 3977 1276 4032 lortnna

165 4081 218 4120 om.
240 4063 304 4119 libri
386 4064 465 4117 uaria
480 4064 580 4119 Bamb.
609 4063 661 4119 uiri
678 4080 695 4117 a
714 4065 799 4118 celeri
882 4079 944 4116 cum
965 4061 993 4116 J.
1008 4061 1103 4126 Doara
1123 4059 1271 4132 0100οΜ0-

166 4151 269 4213 rutam,
299 4147 484 4219 Wakefieldus
498 4149 538 4202 od
550 4148 636 4204 Lacr.
652 4146 671 4202 Ι
682 4151 748 4212 188,
773 4165 827 4202 om.
841 4146 905 4202 libri
988 4147 1041 4200 uiri
1058 4145 1160 4201 ualidin
1180 4147 1276 4201 auiri·

165 4235 219 4288 bus
245 4232 295 4287 Tlt.
311 4233 420 4304 napus
527 4238 580 4292 303
600 4234 772 4305 Lybiemque
794 4232 864 4288 aad.
881 4232 910 4286 in
928 4231 1010 4287 Tuae.
1041 4231 1190 4301 libiamque
1211 4229 1275 4288 art.

168 4317 202 4372 de
217 4335 245 4372 n.
262 4317 290 4375 d.
395 4324 451 4378 305
470 4317 609 4389 Cethegus
625 4317 689 4373 liora·
