<?xml version="1.0" encoding="UTF-8"?>
<!DOCTYPE html PUBLIC "-//W3C//DTD XHTML 1.0 Transitional//EN"
    "http://www.w3.org/TR/xhtml1/DTD/xhtml1-transitional.dtd">
<html xmlns="http://www.w3.org/1999/xhtml" xml:lang="en" lang="en">
 <head>
  <title>
</title>
<meta http-equiv="Content-Type" content="text/html;charset=utf-8" />
  <meta name='ocr-system' content='tesseract 3.04.00' />
  <meta name='ocr-capabilities' content='ocr_page ocr_carea ocr_par ocr_line ocrx_word'/>
</head>
<body>
  <div class='ocr_page' id='page_1' title='image "./ennianaepoesisr01ennigoog_0201.png"; bbox 0 0 2984 5048; ppageno 0'>
   <div class='ocr_carea' id='block_1_1' title="bbox 539 415 802 489">
    <p class='ocr_par' dir='ltr' id='par_1_1' title="bbox 539 415 802 489">
     <span class='ocr_line' id='line_1_1' title="bbox 539 415 802 489; baseline -0.008 -13"><span class='ocrx_word' id='word_1_1' title='bbox 539 415 802 489; x_wconf 80' lang='lat' dir='ltr'><strong>nuurovrnu·</strong></span> 
     </span>
    </p>
   </div>
   <div class='ocr_carea' id='block_1_2' title="bbox 640 587 682 658">
    <p class='ocr_par' dir='ltr' id='par_1_2' title="bbox 640 587 682 658">
     <span class='ocr_line' id='line_1_2' title="bbox 640 587 682 658; baseline -0.048 0"><span class='ocrx_word' id='word_1_2' title='bbox 640 587 682 658; x_wconf 98' lang='grc'><strong>111</strong></span> 
     </span>
    </p>
   </div>
   <div class='ocr_carea' id='block_1_3' title="bbox 137 701 1113 904">
    <p class='ocr_par' dir='ltr' id='par_1_3' title="bbox 137 701 1113 904">
     <span class='ocr_line' id='line_1_3' title="bbox 137 701 1113 797; baseline -0.013 -14"><span class='ocrx_word' id='word_1_3' title='bbox 137 722 178 783; x_wconf 85' lang='lat'><strong>70</strong></span> <span class='ocrx_word' id='word_1_4' title='bbox 205 711 273 781; x_wconf 84' lang='lat' dir='ltr'><strong>larn</strong></span> <span class='ocrx_word' id='word_1_5' title='bbox 295 709 420 780; x_wconf 79' lang='lat' dir='ltr'><strong>dudum</strong></span> <span class='ocrx_word' id='word_1_6' title='bbox 443 708 484 779; x_wconf 83' lang='lat' dir='ltr'><strong>ab</strong></span> <span class='ocrx_word' id='word_1_7' title='bbox 506 707 595 777; x_wconf 89' lang='lat' dir='ltr'><strong>ludis</strong></span> <span class='ocrx_word' id='word_1_8' title='bbox 620 705 748 774; x_wconf 75' lang='lat' dir='ltr'><strong>inimus</strong></span> <span class='ocrx_word' id='word_1_9' title='bbox 770 706 869 797; x_wconf 86' lang='lat' dir='ltr'><strong>atque</strong></span> <span class='ocrx_word' id='word_1_10' title='bbox 891 701 990 772; x_wconf 73' lang='lat' dir='ltr'><strong>eures</strong></span> <span class='ocrx_word' id='word_1_11' title='bbox 1014 704 1113 772; x_wconf 82' lang='lat' dir='ltr'><strong>eueni</strong></span> 
     </span>
     <span class='ocr_line' id='line_1_4' title="bbox 207 807 728 904; baseline -0.012 -20"><span class='ocrx_word' id='word_1_12' title='bbox 207 815 316 884; x_wconf 88' lang='lat' dir='ltr'><strong>Auide</strong></span> <span class='ocrx_word' id='word_1_13' title='bbox 337 809 550 904; x_wconf 67' lang='lat' dir='ltr'><strong>expectantes</strong></span> <span class='ocrx_word' id='word_1_14' title='bbox 569 807 728 879; x_wconf 68' lang='lat' dir='ltr'><strong>nuntium}</strong></span> 
     </span>
    </p>
   </div>
   <div class='ocr_carea' id='block_1_4' title="bbox 209 943 1218 1318">
    <p class='ocr_par' dir='ltr' id='par_1_4' title="bbox 209 943 1218 1318">
     <span class='ocr_line' id='line_1_5' title="bbox 209 943 1218 1142; baseline -0.009 -21"><span class='ocrx_word' id='word_1_15' title='bbox 209 1032 562 1142; x_wconf 49' lang='lat' dir='ltr'><strong>Hominem&#39;appellat:</strong></span> <span class='ocrx_word' id='word_1_16' title='bbox 591 943 687 1140; x_wconf 61' lang='lat' dir='ltr'><strong>‘qutI</strong></span> <span class='ocrx_word' id='word_1_17' title='bbox 711 1001 861 1128; x_wconf 80' lang='lat' dir='ltr'><strong>lasciuIS,</strong></span> <span class='ocrx_word' id='word_1_18' title='bbox 889 1041 1047 1113; x_wconf 75' lang='lat' dir='ltr'><strong>stolide&#39;l’</strong></span> <span class='ocrx_word' id='word_1_19' title='bbox 1074 1066 1140 1114; x_wconf 94' lang='lat' dir='ltr'><strong>non</strong></span> <span class='ocrx_word' id='word_1_20' title='bbox 1162 1044 1218 1113; x_wconf 90' lang='lat' dir='ltr'><strong>in-</strong></span> 
     </span>
     <span class='ocr_line' id='line_1_6' title="bbox 642 1146 898 1318; baseline -0.012 -101"><span class='ocrx_word' id='word_1_21' title='bbox 642 1248 677 1318; x_wconf 74' lang='lat' dir='ltr'>V</span> <span class='ocrx_word' id='word_1_22' title='bbox 760 1146 898 1238; x_wconf 76' lang='lat' dir='ltr'><strong>tellegit.</strong></span> 
     </span>
    </p>
   </div>
   <div class='ocr_carea' id='block_1_5' title="bbox 208 1348 1218 1751">
    <p class='ocr_par' dir='ltr' id='par_1_5' title="bbox 208 1348 1218 1751">
     <span class='ocr_line' id='line_1_7' title="bbox 208 1348 1218 1442; baseline -0.009 -16"><span class='ocrx_word' id='word_1_23' title='bbox 208 1355 301 1428; x_wconf 78' lang='lat' dir='ltr'><strong>Multi</strong></span> <span class='ocrx_word' id='word_1_24' title='bbox 335 1355 389 1424; x_wconf 85' lang='lat' dir='ltr'><strong>alii</strong></span> <span class='ocrx_word' id='word_1_25' title='bbox 422 1353 616 1436; x_wconf 74' lang='lat' dir='ltr'><strong>aduentdni,</strong></span> <span class='ocrx_word' id='word_1_26' title='bbox 668 1351 848 1442; x_wconf 78' lang='lat' dir='ltr'>paupertas</span> <span class='ocrx_word' id='word_1_27' title='bbox 883 1349 1024 1442; x_wconf 83' lang='lat' dir='ltr'><strong>quorum</strong></span> <span class='ocrx_word' id='word_1_28' title='bbox 1063 1348 1218 1418; x_wconf 84' lang='lat' dir='ltr'><strong>obscurat</strong></span> 
     </span>
     <span class='ocr_line' id='line_1_8' title="bbox 768 1474 910 1520; baseline 0 0"><span class='ocrx_word' id='word_1_29' title='bbox 768 1474 910 1520; x_wconf 79' lang='lat' dir='ltr'><strong>nomine.</strong></span> 
     </span>
     <span class='ocr_line' id='line_1_9' title="bbox 643 1551 691 1621; baseline 0.021 -1"><span class='ocrx_word' id='word_1_30' title='bbox 643 1551 691 1621; x_wconf 92' lang='lat' dir='ltr'><strong>Vl</strong></span> 
     </span>
     <span class='ocr_line' id='line_1_10' title="bbox 213 1649 1218 1751; baseline -0.007 -21"><span class='ocrx_word' id='word_1_31' title='bbox 213 1659 426 1751; x_wconf 76' lang='lat' dir='ltr'><strong>Ouipropter</strong></span> <span class='ocrx_word' id='word_1_32' title='bbox 442 1656 551 1727; x_wconf 83' lang='lat' dir='ltr'><strong>Parim</strong></span> <span class='ocrx_word' id='word_1_33' title='bbox 567 1649 722 1746; x_wconf 60' lang='lat' dir='ltr'><strong>&#39;pastores</strong></span> <span class='ocrx_word' id='word_1_34' title='bbox 743 1655 829 1724; x_wconf 83' lang='lat' dir='ltr'><strong>nunc</strong></span> <span class='ocrx_word' id='word_1_35' title='bbox 843 1652 1069 1724; x_wconf 81' lang='lat' dir='ltr'><strong>Alexandrrim</strong></span> <span class='ocrx_word' id='word_1_36' title='bbox 1088 1656 1218 1724; x_wconf 84' lang='lat' dir='ltr'><strong>uocant.</strong></span> 
     </span>
    </p>
   </div>
   <div class='ocr_carea' id='block_1_6' title="bbox 145 1787 881 1968">
    <p class='ocr_par' dir='ltr' id='par_1_6' title="bbox 145 1787 881 1968">
     <span class='ocr_line' id='line_1_11' title="bbox 695 1788 711 1825; baseline 0 -6"><span class='ocrx_word' id='word_1_37' title='bbox 695 1788 711 1825; x_wconf 65' lang='lat' dir='ltr'><strong>s</strong></span> 
     </span>
     <span class='ocr_line' id='line_1_12' title="bbox 145 1787 881 1968; baseline -0.008 -2"><span class='ocrx_word' id='word_1_38' title='bbox 145 1905 186 1966; x_wconf 76' lang='lat'><strong>75</strong></span> <span class='ocrx_word' id='word_1_39' title='bbox 212 1897 244 1966; x_wconf 94' lang='lat' dir='ltr'><strong>ls</strong></span> <span class='ocrx_word' id='word_1_40' title='bbox 266 1895 367 1968; x_wconf 76' lang='lat' dir='ltr'><strong>habet</strong></span> <span class='ocrx_word' id='word_1_41' title='bbox 390 1915 545 1964; x_wconf 84' lang='lat' dir='ltr'><strong>coronam</strong></span> <span class='ocrx_word' id='word_1_42' title='bbox 565 1787 711 1963; x_wconf 70' lang='grc'>1111111113</span> <span class='ocrx_word' id='word_1_43' title='bbox 733 1874 881 1963; x_wconf 80' lang='lat' dir='ltr'><strong>uieidria.</strong></span> 
     </span>
    </p>
   </div>
   <div class='ocr_carea' id='block_1_7' title="bbox 610 2025 718 2098">
    <p class='ocr_par' dir='ltr' id='par_1_7' title="bbox 610 2025 718 2098">
     <span class='ocr_line' id='line_1_13' title="bbox 610 2025 718 2098; baseline 0 -1"><span class='ocrx_word' id='word_1_44' title='bbox 610 2027 687 2098; x_wconf 86' lang='lat' dir='ltr'>VIII</span> <span class='ocrx_word' id='word_1_45' title='bbox 702 2025 718 2063; x_wconf 86' lang='lat'>*</span> 
     </span>
    </p>
   </div>
   <div class='ocr_carea' id='block_1_8' title="bbox 209 2147 1222 2444">
    <p class='ocr_par' dir='ltr' id='par_1_8' title="bbox 209 2147 1222 2444">
     <span class='ocr_line' id='line_1_14' title="bbox 210 2147 1222 2343; baseline -0.004 -23"><span class='ocrx_word' id='word_1_46' title='bbox 210 2249 278 2320; x_wconf 72' lang='lat' dir='ltr'><strong>de</strong></span> <span class='ocrx_word' id='word_1_47' title='bbox 300 2247 378 2343; x_wconf 92' lang='lat' dir='ltr'><strong>quid</strong></span> <span class='ocrx_word' id='word_1_48' title='bbox 397 2247 502 2319; x_wconf 85' lang='lat' dir='ltr'><strong>oeulis</strong></span> <span class='ocrx_word' id='word_1_49' title='bbox 521 2147 732 2321; x_wconf 49' lang='grc' dir='ltr'>1111111111ξὲ</span> <span class='ocrx_word' id='word_1_50' title='bbox 747 2271 785 2318; x_wconf 88' lang='lat' dir='ltr'><strong>es</strong></span> <span class='ocrx_word' id='word_1_51' title='bbox 807 2248 985 2339; x_wconf 78' lang='lat' dir='ltr'><strong>derepente</strong></span> <span class='ocrx_word' id='word_1_52' title='bbox 1003 2241 1222 2318; x_wconf 80' lang='lat' dir='ltr'><strong>ardentibus?</strong></span> 
     </span>
     <span class='ocr_line' id='line_1_15' title="bbox 209 2350 1186 2444; baseline -0.002 -22"><span class='ocrx_word' id='word_1_53' title='bbox 209 2352 285 2422; x_wconf 89' lang='lat' dir='ltr'><strong>‘Vbi</strong></span> <span class='ocrx_word' id='word_1_54' title='bbox 302 2352 359 2422; x_wconf 86' lang='lat' dir='ltr'><strong>illa</strong></span> <span class='ocrx_word' id='word_1_55' title='bbox 373 2355 431 2421; x_wconf 84' lang='lat' dir='ltr'><strong>tua</strong></span> <span class='ocrx_word' id='word_1_56' title='bbox 449 2352 550 2443; x_wconf 85' lang='lat' dir='ltr'><strong>paulo</strong></span> <span class='ocrx_word' id='word_1_57' title='bbox 569 2355 644 2423; x_wconf 71' lang='lat' dir='ltr'><strong>ente</strong></span> <span class='ocrx_word' id='word_1_58' title='bbox 662 2353 796 2444; x_wconf 88' lang='lat' dir='ltr'><strong>sepiens</strong></span> <span class='ocrx_word' id='word_1_59' title='bbox 815 2350 981 2443; x_wconf 86' lang='lat' dir='ltr'><strong>ulrginali&#39;</strong></span> <span class='ocrx_word' id='word_1_60' title='bbox 1001 2350 1186 2421; x_wconf 77' lang='lat' dir='ltr'><strong>modestia?</strong></span> 
     </span>
    </p>
   </div>
   <div class='ocr_carea' id='block_1_9' title="bbox 109 2549 1229 3796">
    <p class='ocr_par' dir='ltr' id='par_1_9' title="bbox 109 2549 1229 3796">
     <span class='ocr_line' id='line_1_16' title="bbox 109 2549 1223 2619; baseline 0.001 -21"><span class='ocrx_word' id='word_1_61' title='bbox 109 2564 197 2599; x_wconf 81' lang='lat' dir='ltr'><strong>uocem</strong></span> <span class='ocrx_word' id='word_1_62' title='bbox 212 2549 250 2600; x_wconf 89' lang='lat' dir='ltr'><strong>sio</strong></span> <span class='ocrx_word' id='word_1_63' title='bbox 269 2551 448 2619; x_wconf 76' lang='lat' dir='ltr'><strong>Interpretatur</strong></span> <span class='ocrx_word' id='word_1_64' title='bbox 463 2554 585 2614; x_wconf 88' lang='lat' dir='ltr'><strong>Verrius,</strong></span> <span class='ocrx_word' id='word_1_65' title='bbox 609 2559 636 2601; x_wconf 91' lang='lat' dir='ltr'><strong>ut</strong></span> <span class='ocrx_word' id='word_1_66' title='bbox 654 2553 722 2602; x_wconf 82' lang='lat' dir='ltr'><strong>dicut</strong></span> <span class='ocrx_word' id='word_1_67' title='bbox 740 2558 915 2602; x_wconf 84' lang='lat' dir='ltr'><strong>ornamentum</strong></span> <span class='ocrx_word' id='word_1_68' title='bbox 935 2565 992 2600; x_wconf 88' lang='lat' dir='ltr'><strong>esse</strong></span> <span class='ocrx_word' id='word_1_69' title='bbox 1011 2549 1113 2600; x_wconf 78' lang='lat' dir='ltr'><strong>laneum</strong></span> <span class='ocrx_word' id='word_1_70' title='bbox 1131 2551 1223 2616; x_wconf 79' lang='lat' dir='ltr'><strong>ospitis</strong></span> 
     </span>
     <span class='ocr_line' id='line_1_17' title="bbox 110 2617 1222 2672; baseline 0.001 -5"><span class='ocrx_word' id='word_1_71' title='bbox 110 2620 225 2669; x_wconf 72' lang='lat' dir='ltr'><strong>honorati</strong></span> <span class='ocrx_word' id='word_1_72' title='bbox 239 2645 274 2656; x_wconf 90' lang='lat'><em>-</em></span> <span class='ocrx_word' id='word_1_73' title='bbox 288 2645 321 2656; x_wconf 91' lang='lat'>—</span> <span class='ocrx_word' id='word_1_74' title='bbox 342 2624 439 2672; x_wconf 80' lang='lat' dir='ltr'><strong>Ennius</strong></span> <span class='ocrx_word' id='word_1_75' title='bbox 459 2623 486 2670; x_wconf 91' lang='lat' dir='ltr'><strong>iu</strong></span> <span class='ocrx_word' id='word_1_76' title='bbox 502 2621 649 2672; x_wconf 73' lang='lat' dir='ltr'><strong>Alexandro</strong></span> <span class='ocrx_word' id='word_1_77' title='bbox 664 2623 715 2670; x_wconf 86' lang='lat'><strong>...&#39;</strong></span> <span class='ocrx_word' id='word_1_78' title='bbox 788 2620 823 2670; x_wconf 94' lang='lat' dir='ltr'><strong>Ill</strong></span> <span class='ocrx_word' id='word_1_79' title='bbox 848 2621 930 2669; x_wconf 80' lang='lat' dir='ltr'><strong>Varro</strong></span> <span class='ocrx_word' id='word_1_80' title='bbox 950 2619 982 2669; x_wconf 90' lang='lat' dir='ltr'><strong>de</strong></span> <span class='ocrx_word' id='word_1_81' title='bbox 1001 2618 1030 2668; x_wconf 88' lang='lat' dir='ltr'><strong>L.</strong></span> <span class='ocrx_word' id='word_1_82' title='bbox 1043 2619 1073 2669; x_wconf 88' lang='lat' dir='ltr'><strong>L.</strong></span> <span class='ocrx_word' id='word_1_83' title='bbox 1092 2618 1128 2670; x_wconf 92' lang='lat' dir='ltr'><strong>VI</strong></span> <span class='ocrx_word' id='word_1_84' title='bbox 1141 2617 1175 2670; x_wconf 79' lang='lat'><strong>83</strong></span> <span class='ocrx_word' id='word_1_85' title='bbox 1188 2617 1222 2668; x_wconf 83' lang='lat' dir='ltr'><strong>nl.</strong></span> 
     </span>
     <span class='ocr_line' id='line_1_18' title="bbox 110 2688 1224 2755; baseline 0.003 -19"><span class='ocrx_word' id='word_1_86' title='bbox 110 2689 227 2738; x_wconf 83' lang='lat' dir='ltr'><strong>‘euris&#39;</strong></span> <span class='ocrx_word' id='word_1_87' title='bbox 244 2689 338 2754; x_wconf 84' lang='lat' dir='ltr'><strong>(sio&#39;O.</strong></span> <span class='ocrx_word' id='word_1_88' title='bbox 354 2692 501 2742; x_wconf 80' lang='lat' dir='ltr'><strong>Muellerus.</strong></span> <span class='ocrx_word' id='word_1_89' title='bbox 517 2692 612 2741; x_wconf 81' lang='lat' dir='ltr'><strong>audio</strong></span> <span class='ocrx_word' id='word_1_90' title='bbox 626 2688 700 2755; x_wconf 85' lang='lat' dir='ltr'><strong>libri)</strong></span> <span class='ocrx_word' id='word_1_91' title='bbox 719 2691 764 2740; x_wconf 83' lang='lat' dir='ltr'><strong>‘ab</strong></span> <span class='ocrx_word' id='word_1_92' title='bbox 781 2703 854 2750; x_wconf 79' lang='lat' dir='ltr'><strong>aueo,</strong></span> <span class='ocrx_word' id='word_1_93' title='bbox 868 2689 936 2753; x_wconf 93' lang='lat' dir='ltr'><strong>quod</strong></span> <span class='ocrx_word' id='word_1_94' title='bbox 950 2689 993 2738; x_wconf 68' lang='lat' dir='ltr'><strong>his</strong></span> <span class='ocrx_word' id='word_1_95' title='bbox 1004 2703 1109 2739; x_wconf 77' lang='lat' dir='ltr'><strong>suemus</strong></span> <span class='ocrx_word' id='word_1_96' title='bbox 1125 2689 1224 2739; x_wconf 76' lang='lat' dir='ltr'><strong>discere</strong></span> 
     </span>
     <span class='ocr_line' id='line_1_19' title="bbox 110 2753 1224 2825; baseline 0.002 -20"><span class='ocrx_word' id='word_1_97' title='bbox 110 2773 225 2823; x_wconf 84' lang='lat' dir='ltr'><strong>semper,</strong></span> <span class='ocrx_word' id='word_1_98' title='bbox 249 2761 318 2821; x_wconf 89' lang='lat' dir='ltr'><strong>quod</strong></span> <span class='ocrx_word' id='word_1_99' title='bbox 330 2761 427 2810; x_wconf 84' lang='lat' dir='ltr'><strong>Ennius</strong></span> <span class='ocrx_word' id='word_1_100' title='bbox 445 2761 546 2810; x_wconf 88' lang='lat' dir='ltr'><strong>uidetur</strong></span> <span class='ocrx_word' id='word_1_101' title='bbox 565 2753 668 2825; x_wconf 71' lang='grc' dir='ltr'><strong><em>ἔτυμον</em></strong></span> <span class='ocrx_word' id='word_1_102' title='bbox 687 2759 820 2810; x_wconf 83' lang='lat' dir='ltr'><strong>ostendere</strong></span> <span class='ocrx_word' id='word_1_103' title='bbox 838 2759 906 2808; x_wconf 91' lang='lat' dir='ltr'><strong>uelle</strong></span> <span class='ocrx_word' id='word_1_104' title='bbox 924 2759 951 2807; x_wconf 88' lang='lat' dir='ltr'><strong>in</strong></span> <span class='ocrx_word' id='word_1_105' title='bbox 966 2759 1127 2818; x_wconf 79' lang='lat' dir='ltr'><strong>Alexandro,</strong></span> <span class='ocrx_word' id='word_1_106' title='bbox 1148 2773 1224 2822; x_wconf 89' lang='lat' dir='ltr'><strong>quom</strong></span> 
     </span>
     <span class='ocr_line' id='line_1_20' title="bbox 111 2827 1225 2895; baseline 0.002 -20"><span class='ocrx_word' id='word_1_107' title='bbox 111 2828 161 2876; x_wconf 87' lang='lat' dir='ltr'><strong>uit:</strong></span> <span class='ocrx_word' id='word_1_108' title='bbox 187 2828 251 2876; x_wconf 77' lang='lat' dir='ltr'><strong>iem&#39;</strong></span> <span class='ocrx_word' id='word_1_109' title='bbox 274 2843 296 2876; x_wconf 90' lang='lat' dir='ltr'><strong>e.</strong></span> <span class='ocrx_word' id='word_1_110' title='bbox 318 2845 343 2892; x_wconf 91' lang='lat' dir='ltr'><strong>q.</strong></span> <span class='ocrx_word' id='word_1_111' title='bbox 365 2845 387 2879; x_wconf 92' lang='lat' dir='ltr'><strong>s.</strong></span> <span class='ocrx_word' id='word_1_112' title='bbox 460 2830 496 2879; x_wconf 91' lang='lat' dir='ltr'><strong>lV</strong></span> <span class='ocrx_word' id='word_1_113' title='bbox 514 2829 603 2879; x_wconf 83' lang='lat' dir='ltr'><strong>Festus</strong></span> <span class='ocrx_word' id='word_1_114' title='bbox 624 2845 650 2895; x_wconf 91' lang='lat' dir='ltr'><strong>p.</strong></span> <span class='ocrx_word' id='word_1_115' title='bbox 670 2829 720 2882; x_wconf 83' lang='lat'><strong>317</strong></span> <span class='ocrx_word' id='word_1_116' title='bbox 736 2827 969 2888; x_wconf 85' lang='lat' dir='ltr'><strong>M.·‘stolidus‚</strong></span> <span class='ocrx_word' id='word_1_117' title='bbox 995 2828 1095 2878; x_wconf 88' lang='lat' dir='ltr'><strong>stultus.</strong></span> <span class='ocrx_word' id='word_1_118' title='bbox 1128 2827 1225 2878; x_wconf 83' lang='lat' dir='ltr'><strong>Ennius</strong></span> 
     </span>
     <span class='ocr_line' id='line_1_21' title="bbox 112 2894 1223 2964; baseline 0.003 -21"><span class='ocrx_word' id='word_1_119' title='bbox 112 2896 156 2943; x_wconf 90' lang='lat' dir='ltr'><strong>l.l</strong></span> <span class='ocrx_word' id='word_1_120' title='bbox 179 2894 295 2960; x_wconf 86' lang='lat' dir='ltr'>[LXVII]</span> <span class='ocrx_word' id='word_1_121' title='bbox 319 2901 383 2948; x_wconf 89' lang='lat' dir='ltr'><strong>etin</strong></span> <span class='ocrx_word' id='word_1_122' title='bbox 398 2898 545 2948; x_wconf 73' lang='lat' dir='ltr'><strong>Alexandro</strong></span> <span class='ocrx_word' id='word_1_123' title='bbox 562 2900 617 2948; x_wconf 87' lang='lat'>...&#39;</span> <span class='ocrx_word' id='word_1_124' title='bbox 688 2900 712 2948; x_wconf 91' lang='lat' dir='ltr'>V</span> <span class='ocrx_word' id='word_1_125' title='bbox 730 2899 873 2948; x_wconf 77' lang='lat' dir='ltr'><strong>Macrobius</strong></span> <span class='ocrx_word' id='word_1_126' title='bbox 887 2896 941 2947; x_wconf 80' lang='lat' dir='ltr'><strong>Sat.</strong></span> <span class='ocrx_word' id='word_1_127' title='bbox 956 2898 992 2947; x_wconf 91' lang='lat' dir='ltr'><strong>Vl</strong></span> <span class='ocrx_word' id='word_1_128' title='bbox 1016 2897 1024 2946; x_wconf 96' lang='grc'>1</span> <span class='ocrx_word' id='word_1_129' title='bbox 1049 2913 1075 2964; x_wconf 88' lang='lat' dir='ltr'><strong>p.</strong></span> <span class='ocrx_word' id='word_1_130' title='bbox 1096 2897 1147 2950; x_wconf 82' lang='grc'><strong>500</strong></span> <span class='ocrx_word' id='word_1_131' title='bbox 1166 2897 1223 2947; x_wconf 80' lang='lat' dir='ltr'><strong>lan.</strong></span> 
     </span>
     <span class='ocr_line' id='line_1_22' title="bbox 111 2963 1225 3036; baseline 0.003 -23"><span class='ocrx_word' id='word_1_132' title='bbox 111 2964 196 3014; x_wconf 86' lang='lat' dir='ltr'><strong>‘multi</strong></span> <span class='ocrx_word' id='word_1_133' title='bbox 222 2973 369 3030; x_wconf 77' lang='lat' dir='ltr'><strong>praeterea,</strong></span> <span class='ocrx_word' id='word_1_134' title='bbox 394 2981 457 3031; x_wconf 87' lang='lat' dir='ltr'><strong>quos</strong></span> <span class='ocrx_word' id='word_1_135' title='bbox 478 2966 547 3017; x_wconf 78' lang='lat' dir='ltr'><strong>lerna</strong></span> <span class='ocrx_word' id='word_1_136' title='bbox 569 2970 678 3018; x_wconf 79' lang='lat' dir='ltr'><strong>obscura</strong></span> <span class='ocrx_word' id='word_1_137' title='bbox 700 2967 823 3018; x_wconf 79' lang='lat' dir='ltr'><strong>recondit.</strong></span> <span class='ocrx_word' id='word_1_138' title='bbox 854 2967 929 3032; x_wconf 80' lang='lat' dir='ltr'><strong>[Aen.</strong></span> <span class='ocrx_word' id='word_1_139' title='bbox 949 2967 973 3015; x_wconf 97' lang='lat' dir='ltr'>V</span> <span class='ocrx_word' id='word_1_140' title='bbox 990 2963 1053 3036; x_wconf 75' lang='lat'>302]</span> <span class='ocrx_word' id='word_1_141' title='bbox 1078 2967 1175 3018; x_wconf 82' lang='lat' dir='ltr'><strong>Ennius</strong></span> <span class='ocrx_word' id='word_1_142' title='bbox 1199 2968 1225 3016; x_wconf 89' lang='lat' dir='ltr'><strong>iu</strong></span> 
     </span>
     <span class='ocr_line' id='line_1_23' title="bbox 112 3034 1224 3103; baseline 0.003 -21"><span class='ocrx_word' id='word_1_143' title='bbox 112 3034 260 3084; x_wconf 81' lang='lat' dir='ltr'><strong>Alexandro</strong></span> <span class='ocrx_word' id='word_1_144' title='bbox 282 3037 335 3084; x_wconf 89' lang='lat'><strong>...&#39;</strong></span> <span class='ocrx_word' id='word_1_145' title='bbox 406 3038 442 3086; x_wconf 90' lang='lat' dir='ltr'><strong>Vl</strong></span> <span class='ocrx_word' id='word_1_146' title='bbox 461 3038 543 3086; x_wconf 80' lang='lat' dir='ltr'><strong>Varro</strong></span> <span class='ocrx_word' id='word_1_147' title='bbox 562 3037 594 3087; x_wconf 88' lang='lat' dir='ltr'><strong>de</strong></span> <span class='ocrx_word' id='word_1_148' title='bbox 608 3037 638 3087; x_wconf 88' lang='lat' dir='ltr'><strong>L.</strong></span> <span class='ocrx_word' id='word_1_149' title='bbox 653 3037 682 3087; x_wconf 93' lang='lat' dir='ltr'><strong>L.</strong></span> <span class='ocrx_word' id='word_1_150' title='bbox 699 3036 795 3088; x_wconf 82' lang='lat' dir='ltr'><strong>vr182</strong></span> <span class='ocrx_word' id='word_1_151' title='bbox 818 3037 902 3103; x_wconf 79' lang='lat' dir='ltr'><strong>‘opud</strong></span> <span class='ocrx_word' id='word_1_152' title='bbox 915 3037 1038 3086; x_wconf 84' lang='lat' dir='ltr'><strong>Ennium:</strong></span> <span class='ocrx_word' id='word_1_153' title='bbox 1061 3035 1134 3102; x_wconf 89' lang='grc'>[100]</span> <span class='ocrx_word' id='word_1_154' title='bbox 1149 3039 1224 3087; x_wconf 86' lang='lat' dir='ltr'><strong>item:</strong></span> 
     </span>
     <span class='ocr_line' id='line_1_24' title="bbox 112 3099 1227 3172; baseline 0.001 -20"><span class='ocrx_word' id='word_1_155' title='bbox 112 3104 278 3169; x_wconf 76' lang='lat' dir='ltr'><strong>quapropter&#39;</strong></span> <span class='ocrx_word' id='word_1_156' title='bbox 298 3121 321 3154; x_wconf 87' lang='lat' dir='ltr'><strong>e.</strong></span> <span class='ocrx_word' id='word_1_157' title='bbox 337 3121 362 3168; x_wconf 88' lang='lat' dir='ltr'><strong>q.</strong></span> <span class='ocrx_word' id='word_1_158' title='bbox 377 3121 399 3155; x_wconf 87' lang='lat' dir='ltr'><strong>s.</strong></span> <span class='ocrx_word' id='word_1_159' title='bbox 425 3107 565 3157; x_wconf 73' lang='lat' dir='ltr'><strong>‘Imitari</strong></span> <span class='ocrx_word' id='word_1_160' title='bbox 587 3107 659 3157; x_wconf 89' lang='lat' dir='ltr'><strong>dum</strong></span> <span class='ocrx_word' id='word_1_161' title='bbox 677 3108 786 3156; x_wconf 90' lang='lat' dir='ltr'><strong>uoluit</strong></span> <span class='ocrx_word' id='word_1_162' title='bbox 799 3106 992 3171; x_wconf 82' lang='lat' dir='ltr'><strong>Euripidem</strong></span> <span class='ocrx_word' id='word_1_163' title='bbox 1010 3114 1034 3154; x_wconf 89' lang='lat' dir='ltr'><strong>et</strong></span> <span class='ocrx_word' id='word_1_164' title='bbox 1054 3121 1149 3172; x_wconf 89' lang='lat' dir='ltr'><strong>ponere</strong></span> <span class='ocrx_word' id='word_1_165' title='bbox 1167 3099 1227 3154; x_wconf 75' lang='grc' dir='ltr'><strong><em>ἔτυ-</em></strong></span> 
     </span>
     <span class='ocr_line' id='line_1_25' title="bbox 110 3167 1191 3241; baseline 0.002 -19"><span class='ocrx_word' id='word_1_166' title='bbox 110 3187 179 3238; x_wconf 79' lang='grc' dir='ltr'><em>μον,</em></span> <span class='ocrx_word' id='word_1_167' title='bbox 199 3181 238 3224; x_wconf 84' lang='lat' dir='ltr'><strong>est</strong></span> <span class='ocrx_word' id='word_1_168' title='bbox 252 3173 354 3239; x_wconf 80' lang='lat' dir='ltr'><strong>lapsus:</strong></span> <span class='ocrx_word' id='word_1_169' title='bbox 374 3189 434 3226; x_wconf 84' lang='lat' dir='ltr'><strong>nsrn</strong></span> <span class='ocrx_word' id='word_1_170' title='bbox 448 3177 585 3241; x_wconf 84' lang='lat' dir='ltr'><strong>Euripides</strong></span> <span class='ocrx_word' id='word_1_171' title='bbox 601 3177 669 3239; x_wconf 91' lang='lat' dir='ltr'><strong>quod</strong></span> <span class='ocrx_word' id='word_1_172' title='bbox 684 3176 780 3226; x_wconf 80' lang='lat' dir='ltr'><strong>Graece</strong></span> <span class='ocrx_word' id='word_1_173' title='bbox 796 3177 892 3241; x_wconf 79' lang='lat' dir='ltr'><strong>posuit,</strong></span> <span class='ocrx_word' id='word_1_174' title='bbox 905 3167 992 3239; x_wconf 79' lang='grc' dir='ltr'><strong><em>ἔτυμα</em></strong></span> <span class='ocrx_word' id='word_1_175' title='bbox 1007 3181 1065 3224; x_wconf 89' lang='lat' dir='ltr'><strong>sunt</strong></span> <span class='ocrx_word' id='word_1_176' title='bbox 1085 3175 1191 3241; x_wconf 73' lang='lat' dir='ltr'><strong>apertu·</strong></span> 
     </span>
     <span class='ocr_line' id='line_1_26' title="bbox 144 3243 1228 3310; baseline 0.001 -18"><span class='ocrx_word' id='word_1_177' title='bbox 144 3243 192 3292; x_wconf 97' lang='lat' dir='ltr'><strong>Vll</strong></span> <span class='ocrx_word' id='word_1_178' title='bbox 218 3243 312 3293; x_wconf 76' lang='lat' dir='ltr'><strong>Paulus</strong></span> <span class='ocrx_word' id='word_1_179' title='bbox 332 3245 401 3294; x_wconf 79' lang='lat' dir='ltr'><strong>Festi</strong></span> <span class='ocrx_word' id='word_1_180' title='bbox 418 3259 445 3310; x_wconf 87' lang='lat' dir='ltr'><strong>p.</strong></span> <span class='ocrx_word' id='word_1_181' title='bbox 462 3243 514 3296; x_wconf 85' lang='grc'><strong>300</strong></span> <span class='ocrx_word' id='word_1_182' title='bbox 529 3245 563 3294; x_wconf 88' lang='grc' dir='ltr'><strong>Μ.</strong></span> <span class='ocrx_word' id='word_1_183' title='bbox 590 3245 770 3305; x_wconf 80' lang='lat' dir='ltr'><strong>‘uitulous,</strong></span> <span class='ocrx_word' id='word_1_184' title='bbox 797 3245 894 3295; x_wconf 81' lang='lat' dir='ltr'><strong>laetans</strong></span> <span class='ocrx_word' id='word_1_185' title='bbox 913 3244 1024 3310; x_wconf 77' lang='lat' dir='ltr'><strong>gaudio,</strong></span> <span class='ocrx_word' id='word_1_186' title='bbox 1049 3250 1077 3292; x_wconf 89' lang='lat' dir='ltr'><strong>ut</strong></span> <span class='ocrx_word' id='word_1_187' title='bbox 1093 3252 1169 3310; x_wconf 84' lang='lat' dir='ltr'><strong>pastu</strong></span> <span class='ocrx_word' id='word_1_188' title='bbox 1187 3243 1228 3293; x_wconf 89' lang='lat' dir='ltr'><strong>ui·</strong></span> 
     </span>
     <span class='ocr_line' id='line_1_27' title="bbox 110 3310 1227 3382; baseline 0.004 -22"><span class='ocrx_word' id='word_1_189' title='bbox 110 3312 187 3362; x_wconf 86' lang='lat' dir='ltr'><strong>tulus.</strong></span> <span class='ocrx_word' id='word_1_190' title='bbox 217 3312 314 3363; x_wconf 83' lang='lat' dir='ltr'><strong>Ennius</strong></span> <span class='ocrx_word' id='word_1_191' title='bbox 330 3315 383 3363; x_wconf 85' lang='lat'>...&#39;</span> <span class='ocrx_word' id='word_1_192' title='bbox 420 3315 461 3364; x_wconf 82' lang='lat' dir='ltr'><strong>Ad</strong></span> <span class='ocrx_word' id='word_1_193' title='bbox 477 3315 651 3365; x_wconf 77' lang='lat' dir='ltr'><strong>Alexandrum</strong></span> <span class='ocrx_word' id='word_1_194' title='bbox 671 3315 800 3382; x_wconf 83' lang='lat' dir='ltr'><strong>pertinere</strong></span> <span class='ocrx_word' id='word_1_195' title='bbox 817 3315 963 3379; x_wconf 78' lang='lat' dir='ltr'><strong>Hanungus</strong></span> <span class='ocrx_word' id='word_1_196' title='bbox 979 3313 1042 3363; x_wconf 82' lang='lat' dir='ltr'><strong>Eur.</strong></span> <span class='ocrx_word' id='word_1_197' title='bbox 1057 3321 1116 3363; x_wconf 89' lang='lat' dir='ltr'><strong>rest.</strong></span> <span class='ocrx_word' id='word_1_198' title='bbox 1140 3310 1227 3370; x_wconf 77' lang='lat'>11238</span> 
     </span>
     <span class='ocr_line' id='line_1_28' title="bbox 111 3382 1227 3449; baseline 0 -19"><span class='ocrx_word' id='word_1_199' title='bbox 111 3382 219 3432; x_wconf 84' lang='lat' dir='ltr'><strong>coniecit</strong></span> <span class='ocrx_word' id='word_1_200' title='bbox 288 3385 349 3433; x_wconf 91' lang='lat' dir='ltr'><strong>Vlll</strong></span> <span class='ocrx_word' id='word_1_201' title='bbox 369 3383 457 3434; x_wconf 81' lang='lat' dir='ltr'><strong>Cicero</strong></span> <span class='ocrx_word' id='word_1_202' title='bbox 476 3385 508 3434; x_wconf 89' lang='lat' dir='ltr'><strong>de</strong></span> <span class='ocrx_word' id='word_1_203' title='bbox 521 3385 575 3433; x_wconf 90' lang='lat' dir='ltr'><strong>diu.</strong></span> <span class='ocrx_word' id='word_1_204' title='bbox 591 3382 658 3443; x_wconf 88' lang='grc'>131,</span> <span class='ocrx_word' id='word_1_205' title='bbox 673 3385 708 3436; x_wconf 89' lang='grc'><strong>00</strong></span> <span class='ocrx_word' id='word_1_206' title='bbox 728 3386 809 3434; x_wconf 85' lang='lat' dir='ltr'><strong>‘inest</strong></span> <span class='ocrx_word' id='word_1_207' title='bbox 826 3384 904 3449; x_wconf 78' lang='lat' dir='ltr'><strong>Igitur</strong></span> <span class='ocrx_word' id='word_1_208' title='bbox 923 3385 949 3432; x_wconf 90' lang='lat' dir='ltr'><strong>iu</strong></span> <span class='ocrx_word' id='word_1_209' title='bbox 965 3384 1057 3433; x_wconf 77' lang='lat' dir='ltr'><strong>animis</strong></span> <span class='ocrx_word' id='word_1_210' title='bbox 1071 3384 1227 3448; x_wconf 79' lang='lat' dir='ltr'><strong>praesagitio</strong></span> 
     </span>
     <span class='ocr_line' id='line_1_29' title="bbox 112 3451 1228 3518; baseline 0.003 -20"><span class='ocrx_word' id='word_1_211' title='bbox 112 3452 270 3501; x_wconf 75' lang='lat' dir='ltr'><strong>extrInseeus</strong></span> <span class='ocrx_word' id='word_1_212' title='bbox 283 3452 377 3502; x_wconf 79' lang='lat' dir='ltr'><strong>iniecta</strong></span> <span class='ocrx_word' id='word_1_213' title='bbox 392 3460 467 3517; x_wconf 79' lang='lat' dir='ltr'><strong>atque</strong></span> <span class='ocrx_word' id='word_1_214' title='bbox 480 3453 579 3503; x_wconf 76' lang='lat' dir='ltr'><strong>inclusa</strong></span> <span class='ocrx_word' id='word_1_215' title='bbox 595 3453 727 3504; x_wconf 85' lang='lat' dir='ltr'><strong>diuinitus.</strong></span> <span class='ocrx_word' id='word_1_216' title='bbox 748 3468 778 3503; x_wconf 80' lang='lat' dir='ltr'><strong>ea</strong></span> <span class='ocrx_word' id='word_1_217' title='bbox 792 3454 815 3503; x_wconf 88' lang='lat' dir='ltr'><strong>si</strong></span> <span class='ocrx_word' id='word_1_218' title='bbox 830 3454 928 3503; x_wconf 75' lang='lat' dir='ltr'><strong>exarsit</strong></span> <span class='ocrx_word' id='word_1_219' title='bbox 941 3453 1034 3512; x_wconf 80' lang='lat' dir='ltr'><strong>aerius,</strong></span> <span class='ocrx_word' id='word_1_220' title='bbox 1049 3451 1122 3502; x_wconf 75' lang='lat' dir='ltr'><strong>liuor</strong></span> <span class='ocrx_word' id='word_1_221' title='bbox 1140 3452 1228 3518; x_wconf 77' lang='lat' dir='ltr'><strong>appel-</strong></span> 
     </span>
     <span class='ocr_line' id='line_1_30' title="bbox 111 3517 1227 3588; baseline 0.001 -20"><span class='ocrx_word' id='word_1_222' title='bbox 111 3519 185 3578; x_wconf 82' lang='lat' dir='ltr'><strong>letur,</strong></span> <span class='ocrx_word' id='word_1_223' title='bbox 202 3535 260 3570; x_wconf 82' lang='lat' dir='ltr'><strong>oum</strong></span> <span class='ocrx_word' id='word_1_224' title='bbox 273 3535 405 3587; x_wconf 81' lang='lat' dir='ltr'><strong>eoorpore</strong></span> <span class='ocrx_word' id='word_1_225' title='bbox 418 3523 518 3572; x_wconf 79' lang='lat' dir='ltr'><strong>suimus</strong></span> <span class='ocrx_word' id='word_1_226' title='bbox 533 3524 675 3573; x_wconf 75' lang='lat' dir='ltr'><strong>obstructus</strong></span> <span class='ocrx_word' id='word_1_227' title='bbox 686 3524 774 3574; x_wconf 90' lang='lat' dir='ltr'><strong>diuino</strong></span> <span class='ocrx_word' id='word_1_228' title='bbox 785 3524 907 3576; x_wconf 77' lang='lat' dir='ltr'><strong>instinctu</strong></span> <span class='ocrx_word' id='word_1_229' title='bbox 920 3523 1072 3572; x_wconf 73' lang='lat' dir='ltr'><strong>concitetur:</strong></span> <span class='ocrx_word' id='word_1_230' title='bbox 1090 3517 1227 3588; x_wconf 81' lang='lat' dir='ltr'><strong>[ro-841.</strong></span> 
     </span>
     <span class='ocr_line' id='line_1_31' title="bbox 114 3588 1228 3654; baseline 0.003 -18"><span class='ocrx_word' id='word_1_231' title='bbox 114 3588 240 3652; x_wconf 72' lang='lat' dir='ltr'><strong>Opoeme</strong></span> <span class='ocrx_word' id='word_1_232' title='bbox 253 3596 367 3640; x_wconf 87' lang='lat' dir='ltr'><strong>tenerum</strong></span> <span class='ocrx_word' id='word_1_233' title='bbox 383 3599 407 3640; x_wconf 87' lang='lat' dir='ltr'><strong>et</strong></span> <span class='ocrx_word' id='word_1_234' title='bbox 421 3600 547 3640; x_wconf 83' lang='lat' dir='ltr'><strong>moratum</strong></span> <span class='ocrx_word' id='word_1_235' title='bbox 559 3601 634 3654; x_wconf 78' lang='lat' dir='ltr'><strong>atque</strong></span> <span class='ocrx_word' id='word_1_236' title='bbox 648 3593 739 3641; x_wconf 87' lang='lat' dir='ltr'><strong>molle!</strong></span> <span class='ocrx_word' id='word_1_237' title='bbox 766 3591 818 3642; x_wconf 83' lang='lat' dir='ltr'><strong>Sed</strong></span> <span class='ocrx_word' id='word_1_238' title='bbox 836 3591 886 3641; x_wconf 86' lang='lat' dir='ltr'><strong>hoo</strong></span> <span class='ocrx_word' id='word_1_239' title='bbox 903 3593 988 3642; x_wconf 87' lang='lat' dir='ltr'><strong>miuus</strong></span> <span class='ocrx_word' id='word_1_240' title='bbox 1010 3592 1118 3642; x_wconf 85' lang='lat' dir='ltr'><strong>adrem.</strong></span> <span class='ocrx_word' id='word_1_241' title='bbox 1152 3591 1228 3650; x_wconf 86' lang='lat' dir='ltr'><strong>Illud,</strong></span> 
     </span>
     <span class='ocr_line' id='line_1_32' title="bbox 114 3657 1229 3726; baseline 0.003 -21"><span class='ocrx_word' id='word_1_242' title='bbox 114 3657 182 3719; x_wconf 88' lang='lat' dir='ltr'><strong>quod</strong></span> <span class='ocrx_word' id='word_1_243' title='bbox 195 3657 323 3718; x_wconf 85' lang='lat' dir='ltr'><strong>uolumus,</strong></span> <span class='ocrx_word' id='word_1_244' title='bbox 337 3673 489 3724; x_wconf 84' lang='lat' dir='ltr'><strong>expressum</strong></span> <span class='ocrx_word' id='word_1_245' title='bbox 503 3667 549 3720; x_wconf 88' lang='lat' dir='ltr'><strong>est,</strong></span> <span class='ocrx_word' id='word_1_246' title='bbox 564 3671 591 3709; x_wconf 86' lang='lat' dir='ltr'><strong>ut</strong></span> <span class='ocrx_word' id='word_1_247' title='bbox 603 3662 737 3710; x_wconf 75' lang='lat' dir='ltr'><strong>uaticinari</strong></span> <span class='ocrx_word' id='word_1_248' title='bbox 753 3660 824 3710; x_wconf 88' lang='lat' dir='ltr'><strong>luror</strong></span> <span class='ocrx_word' id='word_1_249' title='bbox 837 3675 898 3710; x_wconf 85' lang='lat' dir='ltr'><strong>uere</strong></span> <span class='ocrx_word' id='word_1_250' title='bbox 909 3661 1003 3710; x_wconf 77' lang='lat' dir='ltr'><strong>soleat:</strong></span> <span class='ocrx_word' id='word_1_251' title='bbox 1021 3660 1074 3725; x_wconf 79' lang='lat'>[85.</span> <span class='ocrx_word' id='word_1_252' title='bbox 1083 3659 1140 3726; x_wconf 86' lang='grc'>80].</span> <span class='ocrx_word' id='word_1_253' title='bbox 1160 3661 1229 3710; x_wconf 86' lang='lat' dir='ltr'><strong>Deus</strong></span> 
     </span>
     <span class='ocr_line' id='line_1_33' title="bbox 113 3725 1229 3796; baseline 0.002 -21"><span class='ocrx_word' id='word_1_254' title='bbox 113 3725 226 3776; x_wconf 75' lang='lat' dir='ltr'><strong>Inclusus</strong></span> <span class='ocrx_word' id='word_1_255' title='bbox 240 3741 347 3792; x_wconf 86' lang='lat' dir='ltr'><strong>corpore</strong></span> <span class='ocrx_word' id='word_1_256' title='bbox 359 3727 470 3778; x_wconf 78' lang='lat' dir='ltr'><strong>humano</strong></span> <span class='ocrx_word' id='word_1_257' title='bbox 485 3729 549 3789; x_wconf 81' lang='lat' dir='ltr'><strong>iarn,</strong></span> <span class='ocrx_word' id='word_1_258' title='bbox 569 3743 619 3779; x_wconf 92' lang='lat' dir='ltr'><strong>non</strong></span> <span class='ocrx_word' id='word_1_259' title='bbox 635 3729 757 3780; x_wconf 78' lang='lat' dir='ltr'><strong>Cassan</strong></span> <span class='ocrx_word' id='word_1_260' title='bbox 768 3729 826 3779; x_wconf 80' lang='lat' dir='ltr'><strong>dra</strong></span> <span class='ocrx_word' id='word_1_261' title='bbox 840 3729 963 3792; x_wconf 86' lang='lat' dir='ltr'><strong>loquitur:</strong></span> <span class='ocrx_word' id='word_1_262' title='bbox 986 3727 1133 3794; x_wconf 67' lang='grc'>[87,-00].’</span> <span class='ocrx_word' id='word_1_263' title='bbox 1159 3729 1229 3796; x_wconf 84' lang='lat' dir='ltr'><strong>idern</strong></span> 
     </span>
    </p>
   </div>
   <div class='ocr_carea' id='block_1_10' title="bbox 115 3899 1265 4396">
    <p class='ocr_par' dir='ltr' id='par_1_10' title="bbox 115 3899 1265 4396">
     <span class='ocr_line' id='line_1_34' title="bbox 156 3899 1230 3974; baseline 0 -18"><span class='ocrx_word' id='word_1_264' title='bbox 156 3899 191 3956; x_wconf 82' lang='lat' dir='ltr'><strong>tr</strong></span> <span class='ocrx_word' id='word_1_265' title='bbox 212 3899 342 3969; x_wconf 84' lang='lat' dir='ltr'><strong>laseiuis,</strong></span> <span class='ocrx_word' id='word_1_266' title='bbox 363 3899 464 3956; x_wconf 88' lang='lat' dir='ltr'><strong>stollde</strong></span> <span class='ocrx_word' id='word_1_267' title='bbox 480 3900 618 3974; x_wconf 76' lang='lat' dir='ltr'><strong>Scotiper.</strong></span> <span class='ocrx_word' id='word_1_268' title='bbox 642 3901 740 3956; x_wconf 84' lang='lat' dir='ltr'><strong>lasciui</strong></span> <span class='ocrx_word' id='word_1_269' title='bbox 760 3903 860 3957; x_wconf 89' lang='lat' dir='ltr'><strong>stolide</strong></span> <span class='ocrx_word' id='word_1_270' title='bbox 882 3904 943 3960; x_wconf 82' lang='lat' dir='ltr'><strong>cod.</strong></span> <span class='ocrx_word' id='word_1_271' title='bbox 1051 3907 1086 3962; x_wconf 83' lang='grc'><strong>73</strong></span> <span class='ocrx_word' id='word_1_272' title='bbox 1107 3903 1154 3958; x_wconf 84' lang='lat' dir='ltr'><strong>olii</strong></span> <span class='ocrx_word' id='word_1_273' title='bbox 1177 3919 1230 3958; x_wconf 87' lang='lat' dir='ltr'><strong>om.</strong></span> 
     </span>
     <span class='ocr_line' id='line_1_35' title="bbox 116 3983 1228 4058; baseline 0.002 -20"><span class='ocrx_word' id='word_1_274' title='bbox 116 3983 214 4038; x_wconf 58' lang='lat' dir='ltr'><strong>Saleii).</strong></span> <span class='ocrx_word' id='word_1_275' title='bbox 302 3983 430 4054; x_wconf 80' lang='lat' dir='ltr'><strong>Hecuba]</strong></span> <span class='ocrx_word' id='word_1_276' title='bbox 451 3985 485 4040; x_wconf 93' lang='lat' dir='ltr'><strong>H.</strong></span> <span class='ocrx_word' id='word_1_277' title='bbox 496 3988 625 4058; x_wconf 62' lang='lat' dir='ltr'><strong>plerique</strong></span> <span class='ocrx_word' id='word_1_278' title='bbox 639 3985 712 4052; x_wconf 84' lang='lat' dir='ltr'><strong>libri,</strong></span> <span class='ocrx_word' id='word_1_279' title='bbox 738 4003 791 4041; x_wconf 90' lang='lat' dir='ltr'><strong>om.</strong></span> <span class='ocrx_word' id='word_1_280' title='bbox 807 3985 868 4045; x_wconf 72' lang='lat' dir='ltr'><strong>nrt.</strong></span> <span class='ocrx_word' id='word_1_281' title='bbox 890 3987 969 4044; x_wconf 72' lang='lat' dir='ltr'><strong>Vino.</strong></span> <span class='ocrx_word' id='word_1_282' title='bbox 1079 3989 1113 4046; x_wconf 89' lang='grc'><strong>76</strong></span> <span class='ocrx_word' id='word_1_283' title='bbox 1127 3989 1228 4042; x_wconf 82' lang='lat' dir='ltr'><strong>tabere</strong></span> 
     </span>
     <span class='ocr_line' id='line_1_36' title="bbox 115 4065 1230 4142; baseline 0.004 -20"><span class='ocrx_word' id='word_1_284' title='bbox 115 4065 264 4124; x_wconf 78' lang='lat' dir='ltr'><strong>Lambinus</strong></span> <span class='ocrx_word' id='word_1_285' title='bbox 278 4083 293 4122; x_wconf 84' lang='lat' dir='ltr'><strong>e</strong></span> <span class='ocrx_word' id='word_1_286' title='bbox 307 4069 400 4139; x_wconf 70' lang='lat' dir='ltr'><strong>coctu,</strong></span> <span class='ocrx_word' id='word_1_287' title='bbox 417 4067 545 4126; x_wconf 75' lang='lat' dir='ltr'><strong>Muretus</strong></span> <span class='ocrx_word' id='word_1_288' title='bbox 563 4070 632 4126; x_wconf 84' lang='lat' dir='ltr'><strong>Vor.</strong></span> <span class='ocrx_word' id='word_1_289' title='bbox 649 4069 723 4126; x_wconf 73' lang='lat' dir='ltr'><strong>leet.</strong></span> <span class='ocrx_word' id='word_1_290' title='bbox 737 4071 786 4126; x_wconf 84' lang='lat' dir='ltr'><strong>IX</strong></span> <span class='ocrx_word' id='word_1_291' title='bbox 798 4073 841 4129; x_wconf 82' lang='lat'><strong>19.</strong></span> <span class='ocrx_word' id='word_1_292' title='bbox 859 4088 959 4142; x_wconf 83' lang='lat' dir='ltr'><strong>repere</strong></span> <span class='ocrx_word' id='word_1_293' title='bbox 974 4069 1038 4127; x_wconf 75' lang='lat' dir='ltr'><strong>Eri.</strong></span> <span class='ocrx_word' id='word_1_294' title='bbox 1058 4069 1139 4132; x_wconf 72' lang='lat' dir='ltr'><strong>Vinci.</strong></span> <span class='ocrx_word' id='word_1_295' title='bbox 1154 4069 1230 4126; x_wconf 82' lang='lat' dir='ltr'><strong>Leid.</strong></span> 
     </span>
     <span class='ocr_line' id='line_1_37' title="bbox 115 4151 1265 4231; baseline 0.002 -24"><span class='ocrx_word' id='word_1_296' title='bbox 115 4167 177 4207; x_wconf 86' lang='lat' dir='ltr'><strong>cum</strong></span> <span class='ocrx_word' id='word_1_297' title='bbox 191 4153 267 4208; x_wconf 78' lang='lat' dir='ltr'><strong>libris</strong></span> <span class='ocrx_word' id='word_1_298' title='bbox 280 4155 441 4227; x_wconf 65' lang='lat' dir='ltr'><strong>uutparsttu</strong></span> <span class='ocrx_word' id='word_1_299' title='bbox 528 4156 589 4210; x_wconf 85' lang='lat' dir='ltr'><strong>uisa</strong></span> <span class='ocrx_word' id='word_1_300' title='bbox 605 4173 635 4210; x_wconf 87' lang='lat' dir='ltr'><strong>es</strong></span> <span class='ocrx_word' id='word_1_301' title='bbox 652 4153 809 4211; x_wconf 72' lang='lat' dir='ltr'><strong>lambiunt.</strong></span> <span class='ocrx_word' id='word_1_302' title='bbox 827 4157 888 4209; x_wconf 84' lang='lat' dir='ltr'><strong>uisa</strong></span> <span class='ocrx_word' id='word_1_303' title='bbox 904 4162 947 4212; x_wconf 85' lang='lat' dir='ltr'><strong>est</strong></span> <span class='ocrx_word' id='word_1_304' title='bbox 962 4157 1028 4211; x_wconf 78' lang='lat' dir='ltr'><strong>libri</strong></span> <span class='ocrx_word' id='word_1_305' title='bbox 1132 4155 1165 4214; x_wconf 89' lang='grc'><strong>77</strong></span> <span class='ocrx_word' id='word_1_306' title='bbox 1187 4151 1265 4231; x_wconf 74' lang='grc' dir='ltr'>11ὴί’</span> 
     </span>
     <span class='ocr_line' id='line_1_38' title="bbox 117 4237 1233 4314; baseline 0.004 -24"><span class='ocrx_word' id='word_1_307' title='bbox 117 4238 230 4292; x_wconf 80' lang='lat' dir='ltr'><strong>illatus</strong></span> <span class='ocrx_word' id='word_1_308' title='bbox 251 4239 335 4309; x_wconf 85' lang='lat' dir='ltr'><strong>paulo</strong></span> <span class='ocrx_word' id='word_1_309' title='bbox 358 4244 421 4295; x_wconf 83' lang='lat' dir='ltr'><strong>ante</strong></span> <span class='ocrx_word' id='word_1_310' title='bbox 445 4239 559 4311; x_wconf 87' lang='lat' dir='ltr'><strong>sapiens</strong></span> <span class='ocrx_word' id='word_1_311' title='bbox 580 4237 692 4295; x_wconf 76' lang='lat' dir='ltr'><strong>neurus</strong></span> <span class='ocrx_word' id='word_1_312' title='bbox 715 4240 937 4296; x_wconf 82' lang='lat' dir='ltr'><strong>‘Burmannum‘</strong></span> <span class='ocrx_word' id='word_1_313' title='bbox 953 4247 1004 4295; x_wconf 83' lang='lat' dir='ltr'><strong>ete.</strong></span> <span class='ocrx_word' id='word_1_314' title='bbox 1020 4258 1052 4314; x_wconf 83' lang='lat' dir='ltr'><strong>p.</strong></span> <span class='ocrx_word' id='word_1_315' title='bbox 1068 4243 1096 4298; x_wconf 86' lang='grc'><strong>8.</strong></span> <span class='ocrx_word' id='word_1_316' title='bbox 1117 4240 1164 4294; x_wconf 90' lang='lat' dir='ltr'><strong>ubi</strong></span> <span class='ocrx_word' id='word_1_317' title='bbox 1186 4241 1233 4294; x_wconf 85' lang='lat' dir='ltr'><strong>illa</strong></span> 
     </span>
     <span class='ocr_line' id='line_1_39' title="bbox 116 4322 656 4396; baseline 0.007 -22"><span class='ocrx_word' id='word_1_318' title='bbox 116 4322 243 4390; x_wconf 76' lang='lat' dir='ltr'><strong>pauloe-</strong></span> <span class='ocrx_word' id='word_1_319' title='bbox 259 4323 362 4379; x_wconf 67' lang='lat' dir='ltr'><strong>sistri</strong></span> <span class='ocrx_word' id='word_1_320' title='bbox 445 4323 656 4396; x_wconf 77' lang='lat' dir='ltr'><strong>uirgineliltbri</strong></span> 
     </span>
    </p>
   </div>
   <div class='ocr_carea' id='block_1_11' title="bbox 959 4365 1026 4482">
    <p class='ocr_par' dir='ltr' id='par_1_11' title="bbox 959 4365 1026 4482">
     <span class='ocr_line' id='line_1_40' title="bbox 959 4365 1026 4482; baseline -0.015 -112"><span class='ocrx_word' id='word_1_321' title='bbox 959 4365 1026 4482; x_wconf 33' lang='grc'><strong>,7,</strong></span> 
     </span>
    </p>
   </div>
   <div class='ocr_carea' id='block_1_12' title="bbox 0 0 1514 5048">
    <p class='ocr_par' dir='ltr' id='par_1_12' title="bbox 0 0 1514 5048">
     <span class='ocr_line' id='line_1_41' title="bbox 0 0 1514 5048; baseline 0 0"><span class='ocrx_word' id='word_1_322' title='bbox 0 0 1514 5048; x_wconf 95' lang='lat' dir='ltr'><strong> </strong></span> 
     </span>
    </p>
   </div>
  </div>
 </body>
</html>
