2984 5032
253 455 327 502 XL11
643 443 956 514 QVAESTIONES

253 628 307 670 nae
326 610 487 670 Latinorum
509 618 613 688 gentes
637 611 777 685 dicantur,
802 626 873 687 quas
896 608 936 668 illi
960 617 1062 669 contra
1084 606 1268 688 Tarquinium
1299 609 1379 669 bel-

253 716 337 777 laturi
360 719 540 777 asciuerant:
568 715 644 775 conl.
669 714 811 790 Dionysio
837 714 929 774 llalic.
960 712 1058 794 Antiq.
1090 713 1172 775 Rom.
1195 715 1235 776 lll
1264 717 1303 776 51
1341 735 1377 795 p.
1476 723 1477 734 ¹

254 823 316 882 550
339 822 439 884 Reislr.
463 825 613 883 Λοιῖνοι.
635 863 642 880 .
667 865 674 880 .
698 817 882 899 ἐψηφίσαντο
903 813 958 899 τήν
981 819 1151 907 ecclesian
1177 819 1311 903 δύναμιν
1342 821 1378 898 ἐξ

253 919 502 1006 independenter
534 918 658 1007 ἐξάγειν,
687 925 752 987 καὶ
779 930 851 988 τῶν
876 921 1146 1010 πλησιοχώρων
1168 926 1294 990 ἐθνῶν
1322 921 1378 990 τοὶ

254 1027 436 1116 κράτιστα
459 1035 705 1113 παρακαλεῖν,
907 1011 915 1024 ’

339 1137 480 1200 Etruriam
504 1139 641 1200 Romanis
660 1137 747 1216 plene
775 1138 922 1199 subactam
951 1141 1057 1200 cecinit
1085 1147 1189 1219 poeta,
1220 1148 1294 1199 ute
1329 1140 1374 1199 fr.

252 1246 293 1308 Vl
315 1247 480 1323 conligitur.
525 1245 609 1319 Quod
632 1244 747 1322 quidem
768 1261 825 1304 non
847 1243 968 1306 Romani
990 1246 1072 1308 ducis
1095 1245 1186 1306 uerba
1213 1248 1373 1306 continet:

252 1355 337 1414 immo
357 1353 396 1414 ita
414 1351 603 1412 Etruscorum
625 1351 763 1429 princeps
793 1351 898 1411 milites
925 1369 996 1411 suos
1032 1361 1155 1431 propter
1176 1353 1375 1412 inminentem

252 1460 386 1520 Etruriae
410 1461 517 1519 ruinam
549 1457 695 1519 adhortari
719 1457 842 1517 uidetur.
887 1456 926 1516 At
952 1457 1009 1516 hoc
1031 1457 1220 1519 Etruscorum
1252 1458 1373 1520 bellum

252 1566 360 1626 Ennius
373 1565 568 1644 Tarquinione
591 1583 627 1624 an
644 1564 748 1624 Seruio
762 1563 857 1624 Tullio
877 1564 1057 1641 ascripserit,
1075 1562 1240 1624 obscurum.
1264 1564 1373 1624 tintus

253 1673 368 1751 quidem
391 1671 575 1749 Tarquinium
599 1689 662 1730 eum
684 1669 816 1729 Etruscis
839 1668 1025 1728 contendisse
1043 1685 1101 1728 non
1122 1671 1222 1732 tradit:
1250 1671 1370 1747 Diony·

253 1782 313 1838 sius
337 1787 432 1838 autem
456 1777 548 1837 llalic.
572 1775 670 1836 {1159
694 1794 722 1854 p.
747 1775 808 1835 565
830 1774 931 1835 Reisls.
957 1774 1099 1836 Etruscos
1120 1779 1288 1855 complures
1312 1797 1369 1839 an-

252 1901 307 1944 nos
324 1892 425 1943 contra
449 1882 632 1960 Tarquinium
661 1880 769 1941 bellum
795 1882 927 1958 gessisse
954 1891 1066 1957 narrat,
1095 1901 1130 1941 ac
1153 1883 1267 1943 tandem
1294 1902 1368 1960 gra-

253 1991 372 2050 uissimo
393 1989 508 2067 proelio
532 1989 567 2049 ad
591 1987 692 2047 urbem
715 1987 833 2048 Eretum
860 1985 1016 2046 infeliciter
1037 1990 1191 2049 commisso
1220 1990 1248 2049 in
1277 1990 1367 2050 ditio-

253 2113 317 2155 nem
337 2093 532 2154 Romanorum
560 2113 593 2154 se
623 2093 786 2154 tradidisse.
831 2094 912 2153 Hanc
937 2095 1120 2168 memorium,
1153 2097 1181 2155 in
1210 2113 1266 2173 qua
1297 2115 1368 2155 cum

251 2203 393 2276 Dionysio
431 2201 615 2262 consentiunt
646 2198 752 2258 Florus
784 2198 797 2260 l
832 2199 861 2274 5,
897 2197 916 2256 5
950 2207 980 2258 et
1011 2197 1134 2260 Orosius
1164 2201 1206 2278 ll,
1245 2203 1264 2262 4
1298 2203 1365 2280 (ci.

252 2307 459 2386 Sclrweglerus
487 2307 558 2370 Hist.
591 2305 674 2364 llom.
704 2304 716 2364 l
746 2304 841 2383 671),
876 2304 902 2362 sr'
931 2303 1039 2363 Ennius
1065 2315 1185 2366 secutus
1214 2309 1269 2383 sit,
1304 2309 1366 2369 lroc

253 2414 396 2492 proelium
423 2423 519 2492 aptam
547 2413 680 2472 uideatur
704 2411 746 2470 illi
776 2411 875 2470 uersui
906 2411 1091 2470 occasionem
1120 2412 1200 2473 dare.
1253 2415 1365 2474 Verum

251 2521 326 2580 idem
347 2519 505 2594 Dionysius
526 2519 565 2578 lV
588 2518 627 2577 27
656 2537 684 2597 p.
712 2517 772 2578 707
799 2516 899 2576 lleisk.
928 2514 1102 2596 longinqua,
1133 2537 1208 2597 quae
1239 2521 1363 2581 Seruius

208 2693 213 2702 ,
252 2627 363 2687 'lollius
388 2635 489 2686 contra
501 2625 643 2685 Etruscos
665 2625 804 2702 gesserit,
822 2623 900 2683 bella
923 2633 1053 2682 enarrat:
1074 2622 1172 2684 liuius
1192 2626 1204 2685 l
1224 2627 1364 2686 42uuum

253 2733 347 2793 Seruii
364 2726 442 2792 ‘cum
464 2731 637 2791 Veientibus
654 2731 777 2808 aliisque
799 2728 941 2790 Etruscis'
964 2729 1073 2789 bellum
1088 2730 1193 2792 leuiter
1210 2742 1362 2809 memorat,

252 2858 268 2899 e
287 2829 434 2918 quo‘luso
452 2839 561 2914 ingenti
575 2837 700 2897 hostium
718 2836 859 2896 exercitu’
876 2837 972 2896 uictor
983 2855 1018 2896 ac
1032 2856 1085 2896 rex
1097 2836 1217 2898 Romam
1229 2840 1361 2900 redierit.

253 2946 382 3005 'l'ertium
401 2945 526 3021 denique
550 2944 741 3020 fragmentum
765 2943 850 3022 (Vll)
873 2961 930 3002 non
952 2945 980 3002 in
1008 2946 1091 3004 unius
1120 2963 1235 3024 pugnae
1264 2964 1361 3006 narra·

253 3052 359 3112 tionem
380 3050 523 3129 quadrare
543 3056 675 3127 apertum
698 3057 753 3107 est.

335 3154 381 3215 De
394 3155 525 3215 Seruio
538 3153 661 3213 Tullio
678 3162 787 3213 restant
800 3154 915 3212 omnino
927 3154 1140 3232 duouersiculi,
1153 3175 1274 3235 quorum
1287 3157 1361 3218 alter

255 3260 313 3341 (X)
338 3271 367 3320 et
390 3261 585 3338 integritatem
598 3269 627 3320 et
639 3262 794 3321 certiorem
806 3260 905 3320 sedem
917 3257 1030 3320 llartini
1046 3260 1154 3320 llertzii
1167 3264 1360 3324 emendationi

251 3367 350 3444 debet,
366 3369 460 3427 altero
474 3366 546 3448 (xl)
559 3367 670 3428 Dianae
683 3368 821 3447 templum
833 3366 937 3427 Seruio
950 3375 1070 3428 auctore
1081 3386 1097 3427 a
1109 3367 1217 3428 Latinis
1230 3387 1284 3430 una
1297 3387 1359 3428 cum

253 3473 389 3532 llomanis
413 3472 524 3533 Romae
546 3474 653 3534 luctum
675 3475 831 3552 significari
853 3472 920 3532 milri
944 3473 1073 3550 uidetur,
1095 3483 1124 3533 ut
1153 3473 1305 3535 uidebatur
1324 3474 1359 3534 ll·

252 3579 367 3658 bergio‚
392 3579 469 3641 conl.
492 3581 615 3640 maxime
633 3580 714 3640 licio
736 3579 748 3641 l
771 3580 811 3639 45
828 3589 911 3639 anem
933 3585 1041 3640 ciuitnoe
1065 3586 1251 3658 magnitudine
1275 3585 1360 3654 urin,

250 3693 381 3765 formatis
394 3691 519 3747 omnious
533 3691 606 3748 domi
621 3697 646 3748 et
666 3691 705 3747 ad
724 3691 825 3746 bellici
845 3690 884 3744 ad
894 3694 978 3762 paen
998 3708 1074 3763 usuc,
1090 3709 1125 3749 ne
1143 3709 1253 3766 semper
1274 3697 1361 3750 crrnia

251 3813 318 3870 opes
339 3801 560 3871 acquirerentur,
579 3800 691 3855 concilio
712 3812 815 3870 cupere
835 3799 980 3870 imperium
1008 3805 1122 3856 conotus
1146 3805 1199 3866 eet,
1228 3800 1310 3856 sinui
1336 3806 1362 3854 et

252 3905 364 3978 aliquod
383 3905 489 3960 adduc
510 3901 574 3958 urbi
594 3905 678 3960 decue
702 3943 709 3958 .
734 3944 742 3958 .
763 3943 770 3956 .
792 3917 878 3974 saepe
897 3905 1023 3962 iterando
1045 3907 1138 3962 eodem
1156 3908 1281 3978 perpulit
1298 3913 1361 3962 tan-

252 4011 323 4082 dem,
343 4017 375 4067 nt
394 4010 502 4066 Romae
518 4008 620 4082 fanum
642 4009 753 4066 manne
778 4009 877 4081 populi
898 4009 992 4066 Leuni
1015 4027 1077 4068 eum
1097 4013 1202 4084 populo
1234 4013 1361 4068 Romano

251 4117 389 4189 [oemunt.
1285 4129 1289 4136 ·

340 4219 453 4280 llelicui
477 4237 581 4280 uersus
597 4237 634 4279 ex
656 4218 775 4278 ultimi
790 4219 897 4297 regis
916 4219 1080 4278 narratione
1099 4219 1263 4297 deprompti
1279 4227 1359 4279 sunt:

254 4343 289 4385 ac
307 4325 491 4402 gubernator
517 4327 596 4404 (siue
624 4325 739 4403 auriga)
763 4324 798 4383 ir.
828 4322 882 4385 Xll
909 4327 1010 4385 nescio
1040 4343 1075 4386 un
1102 4324 1153 4385 ille
1181 4326 1360 4403 designetur,
