2984 5032
242 435 354 482 vam
643 419 958 489 quaestiones

242 589 394 650 admodum
411 587 497 648 dubia
518 603 566 644 res
590 593 650 658 est,
681 599 801 660 quorum
821 583 1054 644 conlocationem
1078 585 1188 662 Hegias
1209 589 1248 644 ita
1272 604 1363 664 prae-

242 698 304 770 init,
329 703 358 754 ut
380 694 415 752 l'r.
435 689 503 750 XIV
519 687 775 764 Carthaginienses
793 689 1025 764 significarentur
1042 709 1078 750 ne
1096 692 1258 752 libertatem
1276 694 1363 752 arnit-

242 809 337 860 terent
356 804 521 876 precantes,
544 794 637 853 altero
656 792 711 852 XV
729 795 809 871 pacis
832 796 950 866 initiumq
971 816 1025 875 qua
1041 799 1077 857 ad
1096 797 1251 876 poliendos
1267 813 1363 872 agros

242 904 361 980 regredi
388 905 508 974 liceret,
539 899 752 976 designaretur.
798 900 843 959 De
869 901 988 962 relicuis
1013 920 1134 981 prorsus
1165 903 1234 960 nibil
1258 901 1360 960 babeo

243 1009 321 1088 quod
347 1007 466 1068 eruditis
497 1021 673 1083 proponam:
705 1004 759 1062 nisi
788 1004 855 1063 mihi
885 1008 999 1083 quidem
1027 1008 1092 1068 uela
1122 1008 1214 1066 uentis
1246 1007 1361 1082 inllata,

243 1114 320 1192 quod
334 1113 445 1190 Hugius
466 1110 568 1185 uoluit,
587 1109 739 1169 admodum
762 1109 884 1168 ridicule
903 1113 995 1172 uideri
1016 1133 1079 1174 oum
1092 1112 1234 1191 Cyclopis
1252 1122 1362 1171 uentre

241 1220 371 1278 humanis
392 1216 526 1278 carnibus
546 1216 672 1275 distento
696 1213 797 1292 (XVl)
820 1214 958 1276 conferri.

680 1398 865 1462 CAPVT
901 1403 928 1461 V

325 1531 447 1590 Punicas
472 1543 520 1585 res
542 1527 578 1585 ad
607 1526 690 1586 linem
717 1537 891 1604 persecutus
915 1535 1004 1606 potita
1027 1545 1104 1586 nouo
1126 1528 1297 1606 prohoemio
1321 1530 1361 1588 ad

241 1635 380 1696 bellum
406 1631 692 1694 Macedonicum
723 1633 829 1709 pergit.
877 1631 964 1692 Cuius
996 1632 1067 1692 belli
1097 1634 1174 1694 initia
1206 1633 1276 1692 licet
1299 1635 1360 1692 iarn

240 1741 269 1798 in
297 1737 478 1799 llannibalioi
510 1721 647 1794 turnultus
679 1744 812 1812 tempora
842 1736 984 1813 incidant,
1018 1747 1088 1815 puto
1117 1746 1211 1796 tamen
1233 1736 1359 1794 Ennium

241 1843 382 1903 decimo
406 1841 504 1900 libro
528 1839 564 1899 ab
587 1841 658 1916 ipsis
673 1841 822 1917 principiis
841 1840 967 1920 Philippi
990 1859 1038 1900 res
1059 1844 1245 1920 repetiuisse.
1291 1842 1360 1901 lloe

242 1947 400 2006 enimcum
423 1945 572 2006 exordium
595 1944 662 2004 mibi
687 1944 871 2004 subindicare
893 1947 1027 2006 uideatur
1047 1953 1137 2005 traseae
1161 1952 1247 2008 Musa
1269 1971 1357 2008 manu

242 2055 433 2111 Ronmanorum
463 2055 645 2125 induperator
671 2053 750 2120 Quod
783 2057 897 2126 quisque
928 2058 956 2110 in
990 2056 1057 2110 bello
1086 2059 1169 2127 pessit
1198 2073 1260 2112 cum
1288 2074 1356 2130 repe

240 2160 369 2230 Phiiippo
400 2156 462 2234 (1),
491 2165 548 2214 tum
576 2155 603 2214 id
632 2154 710 2233 quod
734 2155 831 2232 potior
862 2155 1000 2216 librorum
1033 2160 1194 2218 aucteritas
1227 2160 1353 2236 decimo,

241 2258 351 2335 aliquot
376 2259 440 2318 libri
467 2259 619 2318 undecimo
641 2259 735 2318 annali
762 2259 909 2318 ascribunt
927 2259 961 2318 ir.
984 2259 1010 2320 ll
1033 2265 1182 2322 Leucatam
1208 2278 1353 2342 compsam

241 2365 447 2440 percommode
479 2366 513 2425 ad
541 2367 633 2444 ipsum
655 2363 839 2424 Macedonici
869 2363 941 2424 belli
970 2367 1052 2442 quasi
1081 2365 1169 2426 limen
1192 2370 1348 2446 relegatur.

239 2466 336 2529 Liuius
365 2470 440 2528 enim
467 2487 530 2528 cum
553 2471 581 2528 in
604 2487 640 2529 eo
665 2479 729 2542 est,
760 2478 790 2528 ut
812 2468 983 2529 Aetolorum
1012 2472 1185 2558 anilippo
1208 2475 1349 2535 deiectio-

241 2590 306 2632 nem
331 2574 373 2650 (a.
398 2593 425 2632 u.
450 2593 476 2633 c.
501 2573 578 2652 542)
612 2573 783 2653 perhibeat,
811 2573 886 2632 baec
913 2575 1017 2652 quibus
1048 2557 1177 2654 inprimis
1198 2580 1347 2640 frustulum

242 2678 313 2737 illud
336 2678 483 2738 inlustrari
499 2679 612 2739 uidetur
635 2681 762 2738 narrauit
786 2677 898 2754 (XXVI
921 2680 994 2759 26):
1017 2687 1160 2744 Laeuinus
1179 2692 1254 2745 aeris
1271 2693 1349 2762 prin·

240 2786 310 2855 cipio
335 2802 353 2838 a
386 2786 509 2860 Corcyra
538 2789 682 2860 profectus
709 2787 825 2857 nauibus
853 2799 984 2861 superato
1012 2791 1133 2848 Leauentu
1158 2799 1349 2865 promunturio

240 2907 302 2946 eum
326 2894 444 2946 uenisset
468 2892 658 2963 Naupactum,
683 2892 844 2962 Anticyram
870 2896 933 2952 iacta
960 2912 990 2952 se
1011 2901 1162 2968 petiturum
1190 2900 1292 2968 edixit,
1321 2910 1350 2956 ut

238 3001 350 3064 praesto
367 2995 405 3050 ibi
421 2995 527 3066 Scopas
548 2999 687 3070 Aetolique
706 3003 805 3052 essent.

326 3091 452 3158 Ceterae
480 3097 621 3176 reliquiae
644 3100 680 3159 de
703 3099 807 3177 quibus
831 3103 969 3160 conicere
994 3103 1103 3181 aliquid
1129 3105 1211 3166 licuit
1234 3109 1345 3185 plerae-

241 3217 297 3276 que
325 3216 424 3258 omnes
450 3202 485 3261 ad
507 3202 539 3263 T.
572 3205 741 3278 Quinctii
763 3204 962 3266 Flaminini
990 3208 1091 3268 laudes
1126 3221 1174 3270 aut
1204 3215 1371 3300 pertinent¹

241 3313 288 3363 aut
310 3315 432 3382 possunt
461 3327 498 3368 eo
527 3313 677 3372 commode
702 3310 818 3369 referri.
862 3311 934 3370 Nam
963 3322 993 3372 et
1022 3333 1085 3373 eum
1109 3309 1346 3396 quem‘egregie

240 3409 389 3468 cordatum
411 3411 571 3474 bominem’
591 3416 660 3474 dioit
683 3423 771 3494 poeta
795 3416 867 3496 (Ill)
897 3417 935 3476 ibi
959 3417 1111 3495 probabile
1134 3431 1179 3480 est
1203 3421 1344 3484 laudatum

239 3513 341 3588 inisse,
364 3514 411 3574 ubi
434 3517 496 3575 eius
519 3520 672 3596 conlegam
690 3523 718 3580 in
734 3523 886 3583 consulatu
904 3521 995 3582 luisse
1011 3522 1197 3585 Flamininum
1218 3528 1261 3604 (a.
1275 3546 1302 3585 u.
1318 3546 1343 3586 c.

239 3618 318 3697 554)
348 3621 492 3682 narrabat.
538 3620 583 3682 Gi.
616 3622 715 3684 Liuius
748 3627 858 3686 XXXll
889 3629 917 3686 7.
961 3627 1066 3706 Neque
1099 3631 1126 3688 in
1156 3632 1234 3692 Aelii
1259 3633 1343 3693 rebus

237 3729 296 3781 tum
316 3724 419 3784 diutius
443 3741 638 3790 commoratus
659 3732 788 3808 uidetur,
811 3735 874 3808 cui,
901 3751 963 3792 cum
986 3736 1150 3811 prouincias
1175 3739 1343 3798 sortirentur

238 3829 393 3905 consules,
421 3829 503 3893 ltalia
526 3838 673 3895 euenerit:
690 3846 733 3895 *at
756 3838 920 3911 Quinotium
944 3840 971 3897 in
993 3838 1191 3902 Macedoniam
1212 3845 1342 3922 proficis·

238 3941 352 3992 centem
380 3936 439 3994 suis
468 3937 601 3996 laudibus
623 3943 820 4018 prosequitur.
866 3940 911 4001 Gi.
934 3943 1031 4002 Liuius
1053 3943 1164 4006 XXXII
1187 3946 1206 4006 8
1229 3966 1274 4025 sq.
1317 3946 1343 4006 ls

238 4037 326 4112 igitur
346 4039 482 4100 dilectum
511 4041 615 4118 babet,
646 4063 704 4122 quo
734 4063 787 4106 eos
815 4049 879 4107 iere
908 4048 979 4124 legit
1004 4040 1067 4126 ‘qui
1095 4052 1123 4109 in
1139 4051 1276 4130 Hispania
1297 4061 1342 4112 aut

237 4138 339 4200 Africa
358 4156 524 4206 meruerant
545 4158 697 4226 spectatae
720 4154 831 4212 uirtutis
847 4145 978 4230 milites',
1002 4145 1123 4216 ‘bellum
1143 4158 1271 4218 tolerare
1292 4176 1340 4236 po-

236 4236 345 4306 tentes'
376 4267 450 4328 quos
480 4251 589 4312 Ennius
612 4264 698 4315 uocat
727 4255 810 4336 (lv).
857 4258 989 4331 Quocum
1011 4264 1114 4322 tamin
1138 4281 1225 4322 aare
1247 4263 1341 4322 Liuius
