2984 5032
246 487 318 534 Lxx
645 467 954 540 QVAESTIONES

247 641 439 701 Peirescianis
460 638 487 698 ll
514 656 542 715 p.
564 633 625 694 578
647 635 746 694 Wess.
768 645 797 693 et
819 634 945 693 fortasse
964 633 1125 711 Appianum
1148 633 1183 691 lr.
1205 630 1245 690 lv
1261 629 1359 690 lllace·

250 745 428 803 donicorum.
461 741 562 802 Eidem
585 750 680 800 autern
705 742 861 800 narrationi
883 759 947 800 cum
967 759 1053 819 supra
1070 740 1104 798 lr.
1120 739 1160 798 Vl
1175 737 1359 810 intexuerim,

250 860 309 910 tum
331 849 405 908 addo
427 867 501 908 nunc
524 850 559 907 lr.
585 846 647 906 Vll.
693 845 763 906 (lum
786 865 858 906 cane
881 847 956 906 enirn
978 865 1063 924 quem
1085 850 1172 923 poeta
1196 841 1282 916 dicit,
1312 840 1360 918 qui

250 955 299 1014 ubi
320 963 421 1014 catena
445 955 596 1014 deuinctus
620 952 712 1012 ieram
732 954 853 1027 sentiat,
876 952 990 1012 ululare
1013 959 1097 1011 acute
1120 949 1235 1022 soleat,
1258 947 1360 1004 nescio

250 1078 286 1118 an
313 1075 371 1117 uon
399 1058 580 1118 incommode
615 1058 709 1117 relicti
738 1059 765 1116 in
797 1058 935 1134 angrrstiis
961 1075 1024 1115 cum
1053 1054 1210 1114 Flaminino
1238 1051 1361 1110 Romani

251 1165 467 1241 significentur:
491 1165 539 1241 qui
560 1183 623 1223 cum
644 1164 679 1223 ad
702 1165 825 1224 hostiurn
848 1172 944 1224 eastra
965 1161 1118 1236 accedant,
1141 1160 1236 1219 subito
1253 1159 1362 1218 clamo·

251 1289 312 1330 rem
336 1271 450 1330 tollunt.

336 1376 430 1435 Desiit
459 1377 506 1435 hic
536 1375 611 1434 liber
637 1377 665 1434 in
690 1393 787 1454 pugna
814 1374 848 1433 ad
876 1371 1116 1450 Cynoscephalas
1145 1388 1171 1430 a.
1196 1388 1224 1428 u.
1249 1387 1274 1428 c.
1298 1367 1363 1425 555

253 1485 416 1543 commissa.
452 1483 528 1541 Ante
550 1482 607 1542 hoc
624 1481 698 1540 enirn
713 1479 856 1558 proelium
872 1477 1033 1554 Quinctius,
1057 1479 1122 1538 dum
1140 1477 1241 1555 copias
1260 1493 1365 1534 omnes

252 1588 281 1644 in
296 1587 387 1644 aciem
402 1589 509 1662 educit,
526 1589 632 1646 acriter
646 1587 752 1645 milites
769 1584 937 1644 cohortatur
951 1602 1036 1644 suos:
1055 1584 1131 1643 conl.
1145 1582 1225 1642 Liuio
1238 1578 1366 1640 XXXlll

253 1689 286 1751 8:
310 1711 372 1751 mum
390 1697 475 1751 adem
496 1697 692 1752 Macedonibus
708 1701 883 1767 mactus-os
904 1709 971 1766 quos
989 1694 1028 1748 ud
1047 1694 1131 1764 Epiri
1147 1694 1248 1766 fauces
1266 1693 1365 1748 monti-

253 1802 302 1858 bus
321 1803 532 1875 (luminibusque
548 1809 659 1874 saeptus
679 1804 753 1856 uictu
773 1802 898 1855 nolierub'
913 1799 1076 1870 difficultate
1096 1801 1217 1856 locorum
1239 1800 1365 1870 expulis-

253 1914 314 1961 sent
341 1910 453 1978 acieque
478 1914 700 1980 enpupnassent:
727 1923 789 1962 cum
815 1908 854 1960 eis
880 1921 947 1976 quos
972 1906 1006 1960 P.
1037 1905 1154 1978 Subsicii
1173 1909 1257 1977 priris
1280 1907 1366 1961 ductu

254 2012 406 2067 obsidentes
428 2015 455 2067 in
478 2014 636 2068 Eordaeam
655 2013 758 2068 aditum
780 2016 921 2068 uicissent.-
941 2011 1021 2082 samu
1043 2013 1158 2076 stetisse,
1184 2027 1240 2066 nort
1259 2011 1366 2066 uiribus

253 2115 434 2172 Macedoniae
452 2133 581 2190 repnum:
601 2135 661 2174 eam
682 2135 788 2191 quoqne
809 2117 916 2189 [amam
933 2117 1042 2170 tandem
1056 2119 1211 2172 euanubse.
1254 2113 1285 2172 ln
1308 2131 1364 2190 qua

255 2216 456 2276 cohortatione
475 2219 557 2278 uides
581 2236 638 2297 quo
659 2220 745 2280 modo
767 2219 862 2279 locum
879 2217 988 2278 habere
1009 2219 1157 2297 potuerint
1179 2216 1263 2277 Ennii
1284 2220 1362 2295 frag·

254 2329 348 2381 menta
367 2322 443 2381 Vlll.
466 2322 515 2382 lX.
533 2322 570 2381 X.

338 2427 459 2488 Relicua
486 2431 612 2489 incerta:
642 2431 694 2490 sed
717 2431 875 2504 undecimi,
899 2445 962 2486 cum
984 2425 1021 2485 de
1045 2426 1116 2486 sede
1137 2428 1206 2488 nihil
1229 2432 1360 2504 emerim,

254 2535 484 2594 emendationem
506 2537 620 2614 quidem
644 2555 727 2615 quam
749 2535 890 2615 proposui
911 2549 968 2592 non
989 2550 1080 2592 meam
1103 2535 1156 2594 sed
1177 2534 1276 2594 lacobi
1293 2535 1360 2593 Ber-

256 2642 365 2714 naysii,
387 2643 411 2698 si
431 2652 554 2719 potero,
577 2644 736 2721 perficiam.
782 2640 837 2714 Qui
860 2659 923 2700 eum
943 2651 1042 2700 cetera
1065 2641 1217 2700 uerissime
1239 2649 1270 2698 ut
1292 2649 1360 2718 puto

255 2745 441 2820 restituisset,
466 2765 519 2806 una
536 2761 619 2824 pater
638 2765 695 2806 rrox
714 2745 859 2825 probabili
882 2747 1067 2806 coniecturae
1091 2745 1262 2806 obstinatius
1284 2747 1361 2806 uide·

255 2849 338 2908 hatur
361 2851 520 2928 refragari:
545 2854 681 2931 quodque
704 2855 768 2930 ipse
796 2870 852 2910 non
879 2855 1087 2911 inconueniens
1111 2851 1225 2930 quidem
1248 2862 1361 2912 senten-

253 2957 312 3013 tiae
335 2963 438 3015 uerita
458 2960 560 3035 posui,
583 2959 668 3018 ualde
691 2967 812 3036 propter
834 2958 998 3016 mutationis
1021 2957 1284 3036 inprobabilitatem
1306 2959 1361 3018 dis·

254 3059 397 3137 plicabat:
420 3079 477 3140 quo
504 3064 620 3142 quidem
642 3064 721 3123 nolui
742 3065 819 3123 aliud
841 3063 1006 3140 significare
1029 3082 1112 3142 quam
1135 3064 1228 3122 latere
1252 3062 1304 3121 suh
1327 3081 1361 3122 ea

254 3185 330 3226 uoce
346 3169 423 3245 quod
437 3169 472 3228 ad
483 3167 602 3227 Ennium
616 3171 776 3246 pertineret
792 3169 945 3247 aliquando
960 3170 1126 3229 eruendum.
1150 3167 1233 3228 Nunc
1244 3168 1362 3227 Enniani

253 3273 292 3331 ibi
314 3273 384 3333 nihil
406 3275 529 3334 subesse
550 3273 616 3333 mihi
631 3276 782 3352 persuasi,
805 3291 901 3350 neque
917 3292 988 3332 uero
1006 3275 1040 3334 ad
1056 3273 1141 3333 Nonii
1157 3274 1202 3352 (p.
1219 3274 1291 3349 370,
1306 3273 1360 3354 22)

254 3378 344 3437 uerba
369 3380 435 3438 inde
458 3381 610 3457 quicquam
633 3378 810 3452 redundare,
844 3379 928 3437 immo
952 3381 1113 3440 eiciendum
1139 3399 1206 3440 esse
1235 3383 1362 3457 inportu-

255 3473 320 3540 num
351 3483 523 3542 uocabulum
557 3483 739 3544 librariorum
771 3493 827 3542 tam
864 3502 966 3543 errore
1005 3503 1088 3562 quarn
1119 3488 1227 3545 incuria
1261 3497 1361 3546 ortum.

255 3585 367 3664 Nempe
390 3588 457 3647 olim
480 3592 507 3649 in
531 3588 616 3649 Nonii
646 3593 746 3650 nescio
772 3608 830 3670 qno
856 3591 959 3651 codice
987 3593 1093 3650 nostris
1117 3592 1270 3669 superiore
1290 3590 1363 3650 haec

253 3691 313 3751 loei
344 3696 462 3771 speeies
497 3697 701 3775 comparebat:
738 3702 846 3756 Ennius
877 3701 1018 3755 annalium
1038 3702 1083 3755 tib.
1111 3701 1143 3756 X
1169 3717 1253 3775 aeyra
1281 3703 1364 3770 corde

254 3805 337 3857 comis
353 3807 448 3874 passis
476 3808 529 3862 late
553 3810 657 3879 palmis
677 3815 787 3880 poten
807 3807 900 3878 passis
928 3809 969 3862 nit
979 3809 1083 3878 palmis
1107 3808 1315 3878 patentibus
1339 3813 1364 3862 et

255 3911 385 3962 estensis.
429 3905 540 3982 Aperta
563 3912 671 3967 erroris
690 3889 790 3983 ori'go‘,
828 3907 902 3965 unde
933 3908 1055 3985 procliui
1086 3909 1272 3987 corruptelae
1296 3926 1362 3987 pro·

254 4026 358 4083 gressu
387 4015 560 4087 posterioris
591 4013 699 4073 librarii
726 4013 835 4071 incuria
862 4012 933 4073 illud
963 4016 1145 4092 procreauit,
1176 4015 1253 4092 quod
1277 4014 1363 4074 hodie

255 4115 456 4176 circumfertur
477 4119 614 4179 inlibris.

337 4217 436 4279 Vnde
448 4225 536 4281 cimo
562 4222 686 4283 annali
709 4239 757 4280 res
770 4219 919 4281 Flaminini
934 4224 1133 4283 continuantur
1150 4241 1184 4282 ac
1207 4222 1242 4281 ir.
1265 4222 1278 4281 l
1297 4220 1360 4280 Phi·

253 4323 323 4404 lippi
346 4326 488 4404 ingenium
510 4327 695 4406 designatur,
725 4327 772 4404 qui
793 4347 856 4387 cum
880 4337 946 4389 ante
968 4329 1085 4388 multum
1107 4328 1290 4407 insuperbire
1313 4344 1359 4387 so·
