2984 5032
579 461 805 518 ennianae
877 445 879 450 '
1160 473 1247 520 cm
1296 469 1298 473 ’

140 625 232 699 leret,
270 624 402 684 deuictus
431 643 446 682 a
475 623 633 684 Flaminino
662 625 776 685 humilis
808 635 837 684 ct
870 625 1001 684 abiectus
1034 626 1140 686 nullam
1168 631 1250 706 pacis

139 731 333 790 conditionem
355 749 388 789 sc
412 731 627 809 repudiaturum
649 731 812 808 prolitctur.
856 729 902 790 CI.
927 731 1023 790 Liuius
1050 731 1175 794 XXXIII
1200 735 1248 795 13.

137 837 185 897 Dc
210 835 379 912 fragmentis
406 833 434 895 II
460 844 490 895 et
517 834 557 894 III
584 837 694 914 Hugins
726 853 783 896 non
816 839 940 915 inperite
968 840 1006 896 ita
1031 837 1188 916 disputauit
1221 849 1251 898 ot

142 945 178 1003 de
204 942 398 1002 Romanorum
428 959 491 1001 cum
524 942 635 1018 origine
664 943 788 1002 Troiana
820 953 877 1002 tum
911 943 1087 1019 cognatione
1120 941 1250 1002 Graeco-

141 1067 202 1108 rum
224 1047 427 1121 Flamininum,
454 1049 502 1125 qui
530 1066 583 1125 per
605 1050 849 1127 opportunitatem
873 1047 1048 1108 ludicrorum
1068 1045 1250 1106 Isthmiorum

142 1153 262 1214 Graecis
289 1153 407 1212 urbibus
441 1153 604 1213 llbertatem
632 1156 720 1216 edicit
755 1154 867 1230 (Liuius
895 1150 1019 1212 XXXIII
1041 1152 1115 1232 32),
1147 1171 1250 1214 orasse

141 1262 348 1337 suspicaretur.
386 1258 441 1332 Qui
465 1258 579 1334 quidem
601 1279 704 1320 uersus
724 1260 802 1339 qnod
821 1275 908 1335 supra
923 1259 1018 1316 monui
1033 1260 1162 1336 Inprimis
1180 1260 1250 1320 illud

142 1366 267 1425 indicant
292 1381 349 1423 non
371 1381 461 1444 posse
482 1365 614 1426 adhunc
640 1366 743 1426 librum
759 1383 853 1424 rerum
872 1363 1041 1423 Punicarum
1056 1367 1250 1428 narrationem

141 1471 325 1549 portianisse.

225 1575 328 1655 Neque
358 1587 453 1638 tamen
490 1595 544 1655 per
568 1585 658 1634 totum
694 1574 796 1634 librum
829 1579 918 1651 poeta
949 1573 1063 1633 uidetur
1088 1576 1117 1633 in
1146 1574 1249 1636 Flami·

140 1683 198 1742 nini
222 1683 309 1743 rebus
336 1691 469 1742 uersatus
492 1700 574 1741 esse:
606 1682 691 1740 immo
712 1681 769 1739 duo
794 1679 953 1755 fragmenta
979 1679 1045 1755 (IV.
1059 1680 1101 1759 V)
1123 1681 1251 1742 fortasse

140 1807 197 1848 non
213 1791 311 1867 inepte
326 1790 362 1849 ad
379 1785 518 1848 Catonem
534 1787 709 1860 referuntur,
734 1785 814 1844 cuins
833 1785 970 1860 egreglus
985 1786 1014 1844 ln
1028 1786 1177 1847 annalibus
1190 1787 1249 1847 lau·

140 1895 193 1954 des
204 1895 295 1954 inisse
308 1892 414 1954 Cicero
430 1901 552 1979 testatur
572 1909 624 1970 pro
636 1891 744 1950 Archia
759 1890 790 1966 9,
803 1889 852 1949 22:
868 1897 897 1948 r'n
911 1897 1018 1950 eaelum
1031 1896 1112 1952 buius
1121 1913 1251 1968 proauus

141 2008 207 2062 Cato
234 2008 346 2062 tollitur.
390 1998 464 2059 (lato
494 2008 589 2059 autem
617 2015 643 2056 a.
665 2014 693 2054 u.
715 2015 742 2056 c.
767 1995 828 2054 557
858 1995 1038 2056 consulatum
1060 1998 1121 2056 iniit
1143 2015 1178 2057 ac
1201 2015 1248 2057 ce·

140 2107 252 2166 lcbrem
281 2123 335 2184 pro
356 2105 424 2180 lege
449 2102 544 2182 Oppia
571 2104 731 2185 orelloncm
758 2100 871 2160 babuit:
900 2102 981 2160 cuius
1008 2103 1139 2179 speciem
1162 2119 1249 2179 quan·

142 2213 206 2272 dam
226 2231 263 2271 cx
281 2211 439 2270 Imitationc
461 2210 531 2269 Liuii
553 2207 677 2267 XXXIV
697 2206 715 2265 2
739 2224 804 2284 sqq.
828 2208 985 2285 conprcre
1012 2207 1091 2266 licet.
1136 2206 1168 2265 ln
1187 2225 1250 2267 eam

141 2325 235 2376 antem
254 2317 415 2374 orati0nem
431 2325 459 2374 ct
472 2315 529 2374 boc
543 2331 600 2392 quo
616 2317 644 2374 in
660 2314 756 2372 luxum
768 2313 933 2371 uostiarium
950 2312 1094 2371 inuehitur
1107 2311 1250 2388 fragmen·

141 2432 197 2481 tum
211 2427 333 2497 pendent
343 2426 565 2496 peniculamenta
580 2425 663 2477 imum
675 2423 714 2476 ad
726 2437 857 2494 quemque
866 2424 970 2494 pedum
987 2418 1044 2496 (V)
1059 2419 1205 2492 conuenit,
1222 2427 1252 2477 ct

141 2528 214 2587 baec
230 2526 321 2586 uerba
336 2532 408 2586 malo
423 2546 506 2586 cruce
515 2529 597 2601 fatur
608 2529 650 2580 uti
659 2527 706 2580 des
719 2525 847 2597 Iuppiter
860 2523 943 2602 (IV),
957 2522 1060 2602 quibus
1072 2523 1144 2582 mala
1158 2525 1251 2583 omnia

142 2635 309 2712 inprecatur
333 2633 360 2691 ei
384 2633 431 2708 qui
457 2629 667 2708 promulgatam
690 2637 790 2686 contra
819 2629 968 2688 mulierum
990 2628 1133 2687 luxuriem
1154 2628 1251 2704 legem

142 2739 312 2815 abrogatum
336 2739 430 2796 inerit.
475 2734 540 2794 Non
570 2737 607 2793 ita
634 2732 724 2791 multo
752 2743 819 2810 post
841 2733 914 2794 (lato
942 2736 970 2792 in
992 2734 1158 2812 Hispaniam
1179 2735 1250 2794 indi·

142 2864 233 2922 genas
249 2845 441 2923 Hispanorum
458 2842 594 2901 domitum
605 2837 756 2916 proiectus
774 2848 834 2898 cst:
850 2841 888 2900 cl.
907 2841 1002 2899 Liuius
1016 2838 1139 2898 XXXIV
1151 2839 1170 2899 8
1184 2858 1249 2917 sqq.

143 2950 221 3024 Quas
248 2968 295 3008 res
324 2951 349 3008 si
376 2947 485 3008 Ennius
508 2954 682 3024 persecutus
705 2954 768 3020 est,
798 2947 826 3004 in
853 2963 889 3006 co
910 2965 986 3006 nexu
1009 2945 1130 3004 lorsitan
1155 2944 1250 3004 locum

141 3056 170 3114 bi
194 3073 312 3114 uersus:
335 3067 390 3114 tum
407 3059 497 3128 clupei
516 3061 649 3110 resonant
669 3061 695 3110 et
711 3055 788 3126 ferri
805 3058 896 3112 samaia
911 3071 1027 3112 amman
1051 3049 1122 3129 (VI)
1143 3059 1172 3110 ct
1187 3057 1249 3110 mic-

140 3181 227 3238 saque
246 3179 303 3234 per
325 3170 425 3235 pectus
451 3164 515 3218 dnm
537 3163 637 3216 transit
661 3160 795 3214 strideret
813 3159 893 3214 basta
922 3155 1008 3234 (VII)
1038 3157 1250 3216 nanciscantur.

141 3266 205 3326 Nec
228 3267 330 3324 inscite
352 3264 462 3341 Hugius
495 3262 600 3322 ibidem
632 3259 764 3320 ferocem
794 3259 951 3338 Hispanum
984 3261 1080 3320 induci
1114 3262 1250 3335 coniecit,

142 3373 237 3448 quise
256 3370 385 3430 Romane
405 3371 521 3429 nescice
540 3369 661 3426 iactaret
683 3367 711 3424 in
731 3366 807 3425 buno
824 3367 954 3426 modum:
975 3369 1102 3442 prane
1121 3387 1176 3426 non
1193 3371 1251 3428 Ro-

142 3498 225 3537 mane
244 3483 398 3536 memoretis
415 3481 488 3549 loqui
507 3492 550 3532 me
566 3473 639 3549 (inc.
663 3472 726 3531 sed.
746 3470 863 3547 XLIII).

227 3583 251 3641 Ε
279 3581 503 3642 duodecimo
535 3576 660 3636 annali
692 3596 708 3636 a
742 3577 935 3653 grammaticis
964 3584 1101 3653 quattuor
1129 3578 1254 3636 citantur

141 3689 318 3764 fragmenta,
348 3703 470 3763 quornm
496 3692 591 3741 tamen
612 3701 696 3740 unum
714 3683 792 3759 quod
813 3680 894 3740 Fabii
915 3682 1102 3757 praeconium
1124 3683 1253 3740 comInct

142 3795 177 3854 ad
194 3810 298 3851 nonum
312 3791 363 3868 (ir.
377 3789 460 3869 VIII)
483 3788 690 3863 relegauimus,
712 3787 769 3846 duo
791 3805 808 3845 o
824 3794 971 3863 postremo
987 3784 1082 3844 annali
1100 3784 1253 3862 desumpta

143 3917 210 3959 esse
232 3897 306 3957 inira
330 3899 507 3956 euincemus.
543 3891 587 3950 ac
610 3911 646 3951 ne
670 3893 732 3951 eins
752 3892 867 3970 quidem
889 3890 966 3968 quod
987 3908 1072 3948 unum
1092 3896 1183 3948 restat
1202 3905 1251 3947 oo·

145 4007 293 4065 casionem
315 4009 479 4062 monstrare
499 3999 635 4073 contigit:
667 4006 754 4058 omnic
775 4002 899 4056 mortam
920 4003 1038 4054 uictores
1060 3997 1188 4052 cordibus
1208 4000 1252 4052 m·-

141 4117 185 4170 uio
205 4115 353 4168 Laetantes
383 4114 447 4168 uino
474 4116 585 4164 curatos
607 4121 718 4161 somnus
740 4113 852 4177 repente
873 4105 910 4159 In
936 4119 1034 4173 campo
1058 4105 1166 4173 passim
1188 4105 1253 4158 mol-

142 4219 260 4273 lissimus
276 4218 399 4289 perculit
416 4218 502 4270 aerio
535 4209 616 4283 Quos
634 4225 738 4267 uersus
754 4205 864 4282 Hngius
883 4206 911 4263 in
930 4212 1029 4278 strage
1040 4203 1164 4263 Histrico
1182 4223 1252 4264 con·

142 4318 251 4379 locauit
273 4318 382 4378 binium
402 4317 465 4378 XLI
487 4316 506 4377 3
530 4324 664 4392 secutus,
695 4314 744 4392 qni
764 4311 878 4371 Histros
901 4317 1013 4384 narrat,
1037 4309 1086 4368 ubi
1110 4311 1137 4366 In
1161 4327 1252 4371 uacua
