2984 5048
239 423 312 498 124,
618 430 969 488 Tnnoonotnnvm

754 597 836 670 XlV

709 701 881 795 Iphigenia

343 803 574 878 'Acherontem
588 805 675 876 nunc
691 805 801 891 obibo,
821 805 878 876 ubi
895 803 1010 876 mortis
1024 803 1171 876 thesauri
1190 804 1398 875 obiacent.

284 1075 538 1096 .....
591 1026 678 1118 quae
701 1047 788 1098 nunc
812 1025 872 1098 abs
893 1029 927 1096 te
947 1025 1069 1096 uiduae
1090 1029 1123 1096 et
1141 1029 1264 1097 uastae
1295 1024 1393 1094 uir-

744 1227 854 1300 XVI*
901 1129 999 1222 gines
1019 1133 1106 1200 sunt.

345 1333 460 1404 Cicero
480 1333 577 1404 Tnsc.
597 1332 681 1424 disp.
705 1333 719 1403 Ι
740 1343 792 1420 48,
817 1343 877 1405 116
903 1335 1097 1406 ‘Monoecus
1115 1356 1181 1410 non
1199 1335 1384 1424 praeter-

240 1437 392 1522 mittitur,
426 1437 482 1530 qui
503 1436 579 1507 item
601 1435 736 1508 oraculo
757 1436 845 1506 edito
868 1437 1010 1530 largitus
1030 1441 1082 1508 est
1104 1436 1233 1529 patriae
1259 1457 1381 1505 suurn

241 1541 448 1634 sanguinem.
486 1539 658 1632 iphigenia
671 1539 793 1610 Aulide
814 1541 907 1610 duci
928 1564 970 1613 se
992 1540 1282 1613 immolandam
1310 1541 1379 1608 iu-

243 1646 313 1730 bet,
340 1648 377 1712 ut
399 1643 585 1714 hostium
607 1642 807 1714 eliciatur
825 1665 911 1714 suo.
1262 1651 1267 1659 ’

643 1791 796 1864 MEDEA
823 1793 951 1864 EXVL

792 1909 805 1979 l

738 2013 857 2084 Nutrix

255 2125 317 2188 280
346 2115 481 2185 Vtinam
500 2137 542 2184 ne
562 2114 595 2184 in
616 2136 750 2186 nemore
771 2116 864 2187 Pelio
885 2113 1058 2186 securibus

348 2218 456 2289 Caesa
476 2217 660 2288 accedisset
682 2218 826 2312 abiegna
847 2220 889 2290 ad
910 2217 1032 2290 terram
1053 2217 1174 2300 trabes,

242 2419 371 2486 logorom’
395 2436 417 2470 e.
439 2435 463 2482 q.
484 2435 505 2470 s.
539 2419 608 2469 Idem
623 2420 655 2470 de
670 2420 722 2469 diu.
743 2423 765 2471 ll
786 2421 826 2482 13,
841 2419 875 2472 30
898 2419 1073 2468 ‘Democritus
1093 2427 1177 2468 tamen
1196 2431 1247 2466 non
1266 2418 1363 2467 inscite

241 2498 362 2556 nugatur,
391 2496 417 2538 ut
436 2489 571 2555 physicus,
592 2504 641 2552 quo
655 2505 748 2556 genere
766 2491 829 2542 nihil
850 2489 1026 2555 arrogantius:
1048 2486 1141 2554 [277].‘
1173 2486 1212 2537 Gi.
1232 2485 1359 2545 Donatus,

242 2575 317 2624 quem
338 2559 518 2610 Fleckeiscnus
537 2560 673 2620 indicauit,
693 2561 719 2609 in
739 2561 798 2612 Ter.
815 2556 1005 2620 nt.1113,32
1029 2557 1090 2608 ‘hoc
1105 2557 1215 2622 sumpsit
1229 2559 1306 2622 potita
1324 2557 1360 2606 de

242 2629 286 2678 illo
304 2629 330 2678 in
351 2629 486 2695 physicum
505 2629 656 2694 peruulgato
676 2631 784 2682 ancillae
802 2632 883 2682 dicto:
915 2628 997 2691 quod
1017 2636 1065 2678 est
1088 2635 1160 2677 ante
1179 2626 1277 2692 pedes
1295 2641 1357 2676 non

241 2697 343 2748 uidet:
364 2697 447 2748 caeli
461 2707 625 2748 scrutatur
638 2698 774 2766 plagas)
801 2699 916 2750 Eundem
931 2697 1015 2746 locum
1027 2699 1113 2747 nescio
1127 2711 1159 2746 an
1174 2694 1357 2762 significauerit

241 2767 339 2818 Nonius
352 2783 379 2833 p.
395 2767 454 2827 145,
469 2767 502 2818 15
523 2772 647 2834 ‘nepam
664 2770 768 2832 quidem
784 2783 902 2820 cancrum
915 2773 1005 2832 putant
1018 2766 1052 2816 ad
1064 2766 1130 2817 illud
1141 2766 1237 2815 Plauti:
1253 2773 1355 2816 retro-

242 2853 372 2888 uorsum
386 2837 506 2898 cedam,
522 2838 675 2889 imitabor
689 2854 814 2904 nepam;
829 2848 853 2889 et
866 2836 930 2886 illud
943 2836 1026 2886 aliud:
1047 2845 1101 2886 aut
1115 2851 1181 2885 cum
1194 2845 1353 2902 nepaesset

242 2907 347 2958 dubium
362 2907 388 2956 in
399 2914 514 2969 utroque.
537 2907 600 2957 Nom
617 2923 676 2959 uere
689 2924 755 2974 nepa
767 2910 884 2974 scorpius
900 2907 1010 2960 dicitur.'
1033 2905 1150 2958 Ceterum
1163 2906 1285 2968 quaedam
1297 2907 1351 2956 siue

241 2976 317 3026 Nonii
326 2977 382 3026 siue
394 2991 451 3025 curn
460 2977 583 3026 Ennianis
594 2977 709 3028 Noniano
719 2987 776 3029 ante
786 2979 850 3028 haec
862 2992 927 3040 quae
940 2983 999 3025 sunt
1012 2985 1100 3027 esset
1113 2976 1241 3025 dubium
1255 2975 1349 3035 lacuna,

242 3046 292 3096 nisi
306 3045 391 3108 fallor,
408 3045 552 3110 absumpta.
573 3046 612 3097 Cf.
625 3046 657 3095 ab
670 3048 816 3098 Heinrichio
832 3046 962 3098 laudatum
974 3045 1096 3095 Senecam
1107 3046 1132 3094 in
1141 3053 1227 3095 satura
1236 3045 1267 3094 de
1275 3053 1350 3095 morte

243 3115 344 3169 Claudii
361 3114 410 3166 0.ss
430 3115 459 3181 (Ι
480 3131 506 3181 p.
523 3114 574 3166 269
591 3115 690 3180 Haas.)
711 3117 787 3180 ‘quid
805 3119 831 3167 in
845 3115 962 3167 cubiculo
980 3130 1026 3164 suo
1047 3115 1124 3165 iaciat
1141 3116 1239 3164 nescio:
1260 3123 1283 3165 et
1300 3116 1349 3164 iam

242 3186 326 3236 caeli
339 3193 503 3236 scrutetur
516 3185 648 3253 plagas?
668 3187 730 3238 deus
742 3187 797 3236 lieri
810 3187 892 3235 uult‘.N
963 3185 1025 3234 XIV
1043 3185 1132 3234 Festus
1146 3200 1172 3250 p.
1188 3184 1237 3236 201
1252 3185 1283 3238 tt.
1299 3185 1348 3234 ‘ob

241 3257 431 3324 praepositione
449 3257 566 3319 antiquos
579 3272 639 3306 usos
656 3273 713 3308 esse
730 3272 776 3324 pro
796 3257 834 3307 ad
852 3256 924 3306 testis
937 3263 975 3305 est
987 3255 1097 3314 Ennius,
1117 3269 1193 3317 quom
1205 3255 1239 3304 cit
1251 3255 1267 3304 l.
1280 3254 1348 3304 llllll

243 3325 299 3392 [ill]
380 3333 404 3376 et
421 3328 448 3376 in
465 3325 599 3392 iphigenia
616 3328 666 3377 ...'
737 3327 786 3376 XV
811 3326 916 3376 Seruius
936 3324 1009 3375 Fnld.
1031 3324 1057 3373 in
1079 3325 1143 3374 Aen.
1164 3325 1175 3374 l
1196 3325 1229 3376 52
1252 3327 1346 3376 ‘uasto

241 3410 288 3462 pro
304 3395 417 3445 desolato
431 3402 530 3445 ueteres
543 3395 680 3460 ponebant.
709 3397 806 3446 Ennius
818 3395 924 3460 lfigenia
939 3395 990 3444 ...'

275 3465 377 3514 Menan
389 3475 463 3514 exve
499 3463 601 3514 thet.
622 3465 655 3514 cd
668 3465 823 3515 Herennium
841 3465 864 3512 ll
883 3467 925 3524 22,
949 3463 983 3514 34
1002 3463 1058 3514 ‘hic
1076 3464 1104 3514 id
1124 3463 1193 3526 quod
1215 3471 1344 3514 extremum

242 3533 403 3594 dictumest,
423 3533 485 3582 satis
500 3531 549 3582 suit
563 3549 706 3600 exponere,
723 3549 755 3584 ne
767 3534 876 3584 Ennium
890 3542 914 3584 et
927 3543 1026 3584 ceteros
1039 3535 1129 3600 poetas
1144 3535 1277 3595 imitemur,
1294 3535 1345 3597 qui-

284 3710 337 3768 278
359 3725 431 3764 nune
450 3706 481 3764 0.
499 3707 679 3775 Modestius,
703 3727 756 3766 om.
773 3711 837 3766 libri
902 3711 985 3764 obibo
1002 3709 1114 3766 Aldina.
1131 3708 1214 3764 adibo
1230 3710 1283 3766 cod.

243 3795 373 3850 obiacent
392 3793 503 3849 Aldine.
535 3793 666 3850 adiacent
687 3797 748 3852 cod.
835 3799 887 3853 280
915 3795 1019 3849 utinam
1047 3795 1093 3862 ne]
1121 3801 1233 3848 utamne
1259 3793 1339 3849 Hauc.

250 3879 335 3935 Vorr.
350 3877 378 3934 rit
393 3896 427 3934 ne
443 3877 532 3951 Lupd.
547 3879 651 3934 Donati
735 3881 882 3934 securibus
898 3881 994 3948 caesa]
1011 3895 1133 3950 unquam
1150 3879 1239 3934 Gonu.
1255 3884 1277 3934 et
1287 3880 1338 3934 edd.

242 3970 296 4020 uei.
313 3961 392 4042 nonii
407 3962 496 4036 Lupd.
507 3963 611 4018 Donati
693 3968 745 4022 281
764 3979 850 4020 caesa
865 3963 1024 4020 accedisset
1037 3964 1158 4035 abiegna
1171 3962 1255 4035 and.
1268 3962 1338 4036 Scap.

241 4055 334 4124 Prisd.
344 4086 375 4140 p.
392 4072 459 4135 751,
480 4067 521 4141 cf.
539 4068 570 4124 0.
586 4068 729 4126 Rtttectrti
743 4069 815 4124 Add.
832 4085 866 4140 p.
881 4067 938 4125 IX.
960 4083 1045 4126 caesa
1065 4040 1223 4125 accidisset
1238 4070 1338 4141 abiegna

242 4153 314 4225 Rep.
332 4153 472 4209 Halderst.
496 4154 566 4222 (aed
584 4156 613 4210 in
631 4155 683 4211 doc
701 4153 852 4210 cecidisset
871 4171 908 4210 m.
928 4156 977 4210 alt.
996 4157 1092 4222 corr.)
1113 4154 1175 4209 idid.
1202 4169 1281 4210 caesa
1298 4171 1337 4209 ac-

244 4237 361 4293 cidisset
382 4238 504 4310 abiegna
533 4239 625 4296 Varro
653 4241 722 4308 (atsi
738 4239 812 4310 quod
831 4241 942 4311 abgena
959 4239 1087 4308 Iduum),
1103 4240 1233 4310 plerique
1247 4238 1299 4294 litrt'
1308 4239 1338 4294 de

246 4329 304 4378 nat.
320 4323 397 4378 deor.
415 4327 441 4376 et
454 4323 489 4378 de
501 4322 572 4396 suto.
588 4339 672 4380 caesa
688 4323 868 4380 accedissent
883 4322 988 4396 adigne
1006 4324 1134 4382 Wuerzo.
1149 4323 1189 4378 ad
1200 4321 1268 4378 Her.
1284 4339 1336 4378 eae-
