2984 5032
250 467 335 514 xnrv
648 453 959 526 QVAESTIONES

251 627 308 686 lum
329 625 476 700 Porsenae
499 621 606 681 incidit.
651 620 800 680 Horatium
821 617 964 682 Coclitem
988 623 1078 697 enirn,
1106 638 1163 681 non
1184 622 1242 700 qui
1286 618 1390 696 uulgo

250 728 425 792 credebatur
454 746 470 787 e
502 728 661 808 trigeminis
691 745 793 803 unum,
830 727 877 786 bic
901 746 1004 788 uersus
1031 732 1076 788 bie
1102 747 1220 788 occeano
1263 731 1391 786 datum.-
1439 747 1440 752 ¹

250 849 279 897 ot
302 841 414 897 Oratim
434 840 551 895 inclutus
570 838 644 894 sollu
666 833 710 912 (l)
734 833 878 910 designat.
909 834 972 908 Qua
995 838 1070 896 enim
1092 835 1203 895 ratione
1228 833 1299 892 ille
1325 831 1391 890 llo·

250 947 340 1005 ratius
362 944 437 1004 saltu
459 941 584 1000 inclutus
605 941 732 1016 dicatur,
764 940 843 1020 quod
870 941 1020 1020 epitheton
1042 942 1143 1002 mirum
1168 959 1263 1018 quum
1301 938 1392 998 bene

251 1043 357 1107 coeliti
373 1043 547 1108 conueniat?
566 1045 664 1125 Atque
677 1045 751 1107 baec
765 1049 838 1108 ratio
854 1066 946 1126 penes
959 1067 1004 1108 me
1021 1047 1172 1127 praeualet
1183 1047 1275 1106 Festi
1293 1047 1391 1106 testi-

251 1155 365 1230 monio,
389 1157 438 1234 qui
461 1172 477 1213 e
502 1153 542 1230 ll,
563 1171 621 1213 non
643 1155 689 1213 cui
711 1153 827 1214 uindico
851 1173 867 1213 e
889 1152 929 1214 lV
953 1153 1046 1213 adiert
1068 1154 1283 1232 fragmentum.
1323 1151 1391 1212 Nu-

251 1261 323 1319 meri
352 1261 554 1321 emendatione
582 1260 689 1338 egebat
715 1262 801 1320 etiam
829 1261 907 1338 quod
937 1258 963 1320 ll
991 1261 1125 1336 ascripsi.
1174 1259 1198 1320 Ε
1226 1260 1259 1322 11
1298 1262 1391 1346 euim

251 1367 345 1427 annali
368 1368 489 1428 traditur
510 1368 712 1444 fragmentum,
735 1366 812 1444 quod
834 1365 978 1442 llbergius
999 1364 1070 1425 uidit
1090 1364 1177 1426 lluoii
1192 1367 1389 1428 Scaeuolae

250 1473 359 1550 uerbo,
389 1493 406 1534 a
435 1483 527 1535 matre
551 1483 644 1534 semet
671 1490 729 1533 nou
757 1481 886 1551 spretum
912 1472 946 1530 iri
972 1471 1161 1550 confidentis,
1196 1477 1387 1534 continere.

251 1578 352 1640 Anxur
380 1580 556 1641 Volscorurn
590 1580 689 1640 urbem
723 1587 917 1658 expugnatam
944 1577 1040 1637 Liuius
1073 1577 1114 1638 lV
1142 1581 1182 1641 59
1214 1582 1388 1661 perhibuit

250 1692 393 1764 (oppidum
420 1697 513 1748 uetere
531 1692 650 1764 fortuna
672 1690 828 1760 opulentum
849 1694 905 1744 tres
916 1690 1055 1744 exercitus
1071 1689 1243 1764 dirupuerep
1277 1707 1385 1769 quarn

251 1812 312 1852 rem
333 1793 453 1853 Ennium
472 1795 605 1872 tetigisse
629 1792 726 1872 potius
750 1808 834 1869 quam
859 1789 1032 1868 explicatius
1059 1809 1195 1854 narrasse
1228 1797 1382 1856 credide·

251 1901 317 1959 rim:
345 1917 554 1978 quamquame
583 1897 706 1958 frustulo
743 1901 888 1958 Vulscolcs
910 1902 1034 1974 perdidit
1053 1903 1157 1960 Ancem
1183 1900 1255 1980 (ΙΙΙ)
1294 1901 1382 1962 nibil

253 2007 417 2085 conligitur.
463 2003 601 2064 Ceterum
624 2005 720 2065 Liuius
744 2003 865 2063 eundem
888 2003 988 2063 urbem
1011 2007 1096 2064 etiarn
1119 2009 1287 2084 posteriore
1315 2009 1378 2067 ob-

254 2114 366 2173 sidione
394 2121 531 2172 uexatam
560 2111 661 2172 trudit:
694 2111 732 2171 cl.
757 2111 783 2170 V
807 2108 836 2170 8.
862 2107 909 2168 12.
935 2110 983 2172 13.
1035 2111 1066 2171 ln
1090 2112 1166 2172 idem
1194 2113 1257 2173 iere
1290 2124 1377 2175 tem·

255 2235 309 2296 pus
332 2217 451 2293 (Anxur
474 2218 547 2277 enim
567 2235 593 2276 a.
615 2235 644 2275 u.
668 2234 694 2275 c.
723 2215 784 2276 349
814 2225 1009 2293 expugnatum
1034 2219 1095 2297 est)
1124 2219 1197 2278 solis
1225 2219 1374 2282 deiectus

253 2324 345 2398 cadit,
371 2342 457 2402 quem
480 2322 602 2382 Ennium
626 2323 653 2380 in
675 2321 825 2409 annalibus
849 2329 968 2380 notasse
997 2319 1103 2382 Gioero
1126 2322 1163 2382 de
1186 2343 1220 2384 re
1243 2325 1370 2404 publica

252 2429 265 2488 l
290 2428 337 2506 16,
357 2429 396 2489 25
411 2436 532 2489 testatur
545 2427 629 2507 (IV).
652 2425 699 2488 ct.
712 2425 900 2488 Niebuhrium
920 2425 1202 2505 Hist.Rom.1279,
1227 2433 1274 2509 qui
1292 2433 1370 2492 sub-

254 2535 360 2610 tiliter,
385 2541 566 2613 quapropter
586 2539 679 2593 lunam
701 2542 729 2593 et
746 2545 850 2593 noctem
874 2532 1024 2592 obstitisse
1048 2533 1123 2592 soli
1145 2533 1253 2596 Ennius
1270 2538 1367 2616 dicat,
1390 2541 1393 2549 '

254 2640 409 2718 explicuit,
437 2656 608 2716 quamquam
641 2656 678 2696 ne
705 2657 780 2698 nunc
807 2639 922 2716 quidem
950 2641 1017 2701 mibi
1045 2641 1216 2704 incredibile
1248 2655 1294 2704 est
1326 2648 1367 2708 ad

252 2767 311 2806 noce
332 2762 436 2803 uocem
455 2745 532 2806 aliud
553 2742 673 2803 uerbum
685 2744 776 2803 fuisse
794 2745 927 2822 proximo
942 2763 1029 2806 uersu
1047 2747 1201 2825 adiectum,
1224 2753 1366 2832 omissum

256 2871 272 2911 a
294 2849 458 2926 Cicerone,
480 2851 528 2929 qui
551 2851 620 2910 satis
643 2849 770 2909 babebat
793 2851 878 2910 finem
896 2869 1000 2911 uersus
1016 2852 1144 2912 adferre.
1174 2852 1248 2916 lllud
1264 2865 1366 2917 autem

253 2961 401 3036 ineptum,
429 2956 506 3035 quod
526 2955 659 3015 Osannus
682 2955 717 3014 ad
739 2953 801 3017 Cic.
826 2957 845 3017 l.
868 2957 889 3018 l.
921 2960 986 3017 anni
1010 2968 1039 3018 et
1056 2959 1114 3019 diei
1136 2969 1219 3020 notas
1242 2969 1363 3040 po'c'tnm

255 3082 313 3123 non
335 3065 363 3122 in
385 3063 466 3141 ipsos
486 3079 590 3122 uersus
612 3062 794 3122 immiscuisse
816 3063 868 3123 sed
888 3066 1020 3142 margini,
1043 3081 1099 3143 quo
1123 3069 1363 3145 progredientem

253 3143 388 3249 paulatim
411 3169 605 3230 narrationem
629 3180 748 3247 semper
774 3179 871 3230 notata
901 3177 1033 3249 tempora
1059 3173 1280 3250 comitarentur,
1309 3175 1362 3234 ad·

253 3279 383 3356 pinxisse
407 3277 540 3355 opinatus
560 3284 616 3336 est.
650 3273 762 3336 Annum
785 3275 900 3354 quidem
918 3295 1003 3355 quem
1019 3275 1125 3337 Cicero
1140 3279 1249 3338 notauit
1262 3277 1362 3340 00οι

252 3401 310 3443 non
328 3403 366 3443 ex
387 3383 491 3458 Ennio,
515 3385 595 3442 cuius
618 3392 781 3461 temporum
803 3381 961 3462 descriptio
975 3401 991 3442 a
1006 3384 1130 3460 uulgari,
1151 3401 1236 3461 quam
1253 3382 1361 3444 Cicero

253 3491 394 3567 sequitur,
417 3489 524 3566 longe,
546 3497 577 3547 ut
594 3488 733 3564 uidimus,
761 3487 901 3564 distabat,
933 3489 986 3548 sed
1015 3507 1032 3548 e
1056 3490 1185 3549 maximis
1209 3491 1360 3552 annalibus

253 3593 357 3653 bausit.
409 3592 517 3654 Ennius
549 3612 607 3673 quo
640 3595 727 3655 modo
758 3613 861 3654 annum
890 3593 968 3654 illius
1001 3593 1072 3651 solis
1106 3594 1240 3656 delectus
1271 3598 1359 3675 signi-

253 3699 368 3776 lioarit,
409 3703 551 3762 nescitur:
589 3701 666 3780 quod
703 3709 798 3762 autem
835 3700 927 3761 semel
961 3708 1099 3760 accurate
1135 3701 1211 3788 diem
1244 3722 1358 3764 annum·

253 3825 310 3885 que
340 3807 520 3886 descripsit,
559 3807 624 3868 inde
657 3808 717 3868 noli
748 3810 903 3887 quicquam
936 3805 972 3866 de
1006 3807 1165 3868 constantia
1203 3810 1230 3869 in
1261 3829 1296 3870 ea
1326 3830 1357 3870 re

253 3913 375 3992 quedam
399 3913 561 3992 conligere,
585 3932 669 3992 quam
690 3913 758 3973 mibi
781 3913 908 3991 quidem,
931 3911 1008 3989 quod
1030 3930 1118 3990 supra
1134 3915 1226 3991 tetigi,
1253 3916 1357 3977 nullam

252 4020 344 4080 fuisse
368 4038 539 4098 persuasum
561 4028 615 4080 est.
660 4018 795 4096 Denique
816 4017 884 4077 buio
906 4015 982 4076 libro
1003 4017 1119 4077 uindico
1140 4017 1249 4080 bellurn
1271 4021 1357 4082 Galli·

253 4143 331 4185 cum:
355 4125 433 4204 quod
453 4125 563 4187 bellum
582 4143 640 4205 quo
662 4126 824 4200 fragmento
852 4123 1010 4200 significari
1039 4123 1118 4184 uolui
1141 4123 1212 4204 (Vl)
1244 4125 1314 4186 illud
1342 4145 1357 4185 a

252 4229 403 4290 blacrobio
421 4231 484 4292 Sat.
505 4230 517 4289 l
540 4230 559 4288 4
583 4248 612 4308 p.
633 4227 673 4290 26
691 4229 755 4290 Jan.
780 4247 796 4288 e
819 4230 944 4308 septimo
965 4230 1059 4290 annali
1078 4233 1192 4292 citatur.
1238 4231 1284 4291 Ac
1312 4233 1356 4292 lir-

253 4354 332 4396 mare
355 4335 469 4396 blerule
491 4335 597 4396 bonum
624 4336 823 4396 testimonium·
838 4336 940 4397 fraude
966 4355 1018 4396 sue
1047 4336 1168 4397 studuit:
1197 4335 1358 4416 qnamllu·
