2984 5032
482 439 714 498 ΕΝΝΙΑΝΑΕ
1081 447 1154 498 nvn

81 606 114 664 ib.
135 602 236 681 XXVI)
265 603 391 664 uocabat
419 606 472 665 arti
500 605 638 666 adhibuit.
684 604 756 666 Nam
778 601 918 670 Naeuium
945 620 1001 662 non
1023 605 1155 680 attigisse

76 720 236 770 sexametros
267 718 380 770 constat
407 710 493 770 bodie
521 728 578 769 non
597 711 745 786 omuibus,
774 709 826 768 sed
845 709 1010 787 plerisque:
1041 710 1077 769 de
1099 729 1155 788 qua

77 836 97 875 e
131 834 206 893 quam
231 833 306 875 nunc
339 833 396 874 uon
426 833 590 894 persequor
624 813 761 892 quidquid
792 813 980 889 iudicabitur,
1021 831 1074 872 eos
1107 815 1155 893 qui

78 940 196 1000 amquam
213 918 350 978 Naeuiaui
374 918 524 978 laudantur
546 921 732 980 hexametros
757 938 791 980 ea
813 929 909 979 aetate
930 921 1018 996 longe
1039 921 1154 998 politio·

77 1049 111 1089 es
132 1047 193 1088 esse
214 1043 383 1104 persuasum
401 1023 517 1104 habeo.
552 1026 598 1085 Ab
620 1025 678 1084 illis
701 1033 796 1084 autem
816 1026 966 1101 uersibus,
991 1026 1065 1085 inter
1082 1041 1156 1102 qrros

77 1136 227 1195 liceronem
248 1146 305 1188 uon
336 1128 423 1187 multa
446 1130 580 1188 omisisse
604 1131 756 1205 existimo,
784 1148 842 1189 rron
870 1148 975 1207 magno
1001 1129 1155 1200 interuallo

77 1244 213 1319 lispestum
240 1237 331 1294 luisse
364 1234 401 1292 ir.
425 1232 452 1291 ll
483 1234 611 1294 uidetur:
643 1251 700 1310 quo
727 1254 789 1295 eam
815 1235 917 1296 ‘dicti’
947 1235 1078 1312 peritiam
1100 1233 1156 1293 sibi

77 1363 116 1404 uon
140 1362 190 1422 per
214 1339 352 1399 somnium
373 1338 426 1397 sed
449 1337 550 1398 labore
575 1357 609 1398 ac
634 1340 729 1400 studio
753 1343 912 1418 contigisse
934 1339 1094 1418 profitetur.
1131 1339 1158 1398 Α

77 1449 160 1527 [uibus
185 1446 269 1524 paulo
294 1442 408 1519 longius
430 1442 531 1503 aberat
554 1445 668 1504 tertium
692 1445 895 1523 eprohoemio
912 1453 1062 1523 superstes
1078 1444 1156 1520 frag·

76 1563 196 1627 rentum,
216 1568 273 1630 quo
290 1549 399 1608 Ennius
419 1565 451 1605 se
475 1547 510 1606 ab
533 1548 714 1608 obtrectandi
738 1550 856 1609 libidine
874 1550 987 1610 uidetur
1003 1566 1157 1610 reuocare.

77 1660 117 1718 led
146 1657 197 1717 bos
223 1656 260 1715 de
294 1673 344 1714 sua
372 1653 534 1730 Naeuiique
562 1654 647 1730 poesi
678 1672 781 1712 sensus
798 1652 953 1732 'Columna
982 1672 1017 1713 ac
1044 1653 1157 1713 Merula

80 1771 171 1821 oetam
193 1764 219 1820 in
239 1762 305 1838 ipso
323 1758 420 1817 limine
438 1759 570 1816 carminis
589 1758 807 1836 deprompsisse
823 1758 992 1818 uoluerunt:
1015 1778 1049 1818 ac
1066 1760 1158 1836 potuit

78 1888 119 1926 am
141 1885 200 1926 rem
220 1866 329 1925 Ennius
353 1865 457 1924 iamin
482 1864 565 1941 primi
587 1863 697 1922 annalis
720 1865 842 1923 exordio
865 1865 1018 1940 attingere.
1062 1863 1156 1939 Nunc,

79 1973 132 2030 uod
155 1969 258 2030 Cicero
282 1969 459 2043 subindicat,
483 1967 579 2048 eaibi
603 1970 755 2047 exposuit,
777 1970 825 2028 ubi
848 1971 989 2028 rationem
1003 1969 1155 2044 reddebat,

77 2095 106 2133 ur
131 2078 159 2133 in
187 2077 278 2153 primo
302 2072 381 2132 bello
405 2073 512 2132 Punico
534 2073 709 2151 aliquantum
730 2093 746 2134 a
768 2092 849 2134 more
872 2091 925 2134 suo
952 2074 1085 2133 narrandi
1107 2073 1157 2133 de·

77 2181 184 2238 exisset
199 2180 354 2256 (scrmscrc
375 2184 425 2236 atti
445 2197 503 2236 rem
522 2196 548 2236 e.
562 2196 591 2255 q.
606 2198 630 2238 s.
656 2179 691 2242 ir.
711 2177 753 2256 l):
778 2196 834 2255 qua
856 2181 1072 2256 opportunitate
1093 2199 1156 2239 cum

77 2282 154 2341 'aenii
174 2300 291 2342 carmen
311 2291 495 2358 memoraret,
518 2283 652 2342 iudicium
672 2283 709 2342 de
727 2301 762 2342 eo
785 2287 873 2360 potita
895 2283 1009 2344 adiecit.
1040 2284 1156 2357 Quare

77 2403 105 2442 ro
129 2387 190 2444 iure
212 2386 306 2446 editor
320 2388 479 2466 Lipsiensis
502 2388 612 2446 relictis
635 2389 762 2446 auctoris
777 2388 822 2444 sui
838 2389 970 2464 uestigiis
990 2391 1017 2448 in
1032 2391 1157 2467 septimo

77 2507 153 2548 ersus
176 2494 318 2569 reposuit.
355 2491 446 2551 Porro
474 2492 539 2552 dum
560 2511 609 2550 ras
630 2495 710 2570 ipsas
726 2491 783 2550 boc
804 2489 885 2550 bello
905 2502 1006 2568 gestas
1028 2493 1158 2553 breuiter

77 2597 237 2671 erstringit‚
269 2600 444 2673 occasiones
466 2597 605 2676 quasdam
627 2598 810 2656 inlustriores
830 2596 933 2674 quibus
955 2598 1039 2657 latius
1063 2600 1156 2657 oratio
1238 2574 1241 2580 ¹

77 2710 208 2776 rgarctur
238 2703 374 2778 captabit.
418 2703 460 2764 lta
489 2702 623 2772 uersibus
652 2718 726 2780 quos
753 2699 839 2760 Gellii
866 2700 902 2759 N.
927 2701 963 2760 Α.
992 2701 1087 2762 ΧΙΙ4
1116 2705 1157 2761 in·

77 2807 159 2864 istria
194 2806 322 2864 seruauit
348 2805 417 2885 (X)
455 2808 586 2886 speciem
616 2807 670 2865 uiri
703 2807 805 2864 nescio
840 2808 921 2865 ouius
957 2809 1005 2885 qui
1039 2808 1156 2868 Seruilii

77 2890 174 2970 nicitia
202 2901 351 2970 fruebatur
382 2929 445 2970 cum
479 2910 572 2970 studio
603 2908 790 2969 adumbrauit.
846 2909 1018 2970 Theodorus
1046 2911 1157 2988 llugius

77 3015 166 3074 tidem
196 3015 380 3092 improbabile
411 3016 504 3094 ducit,
537 3015 658 3074 Ennium
689 3014 717 3071 in
751 3023 807 3072 tam
835 3015 1043 3093 compendiosa
1074 3016 1158 3076 buius

77 3121 118 3179 alli
144 3120 311 3179 narratione
333 3120 445 3179 mediae
464 3139 578 3198 pugnae
599 3120 720 3180 alicuius
735 3120 925 3198 descriptioni
947 3139 1010 3180 eam
1035 3124 1157 3199 copiose

77 3226 228 3302 :plicatam
249 3241 359 3283 morum
381 3224 604 3284 delineationem
627 3224 818 3282 immiscuisse.
856 3224 895 3283 At
916 3226 963 3285 bic
982 3232 1071 3304 poeta
1094 3242 1158 3284 cum

77 3331 164 3406 ngius
187 3329 309 3388 abesset
331 3329 366 3388 ab
392 3348 428 3389 ea
455 3331 524 3388 artis
547 3328 720 3402 subtilitate,
753 3346 829 3406 quae
854 3330 976 3388 maxime
1002 3331 1030 3388 iu
1052 3348 1158 3407 aequa·

77 3435 159 3492 litate
183 3433 306 3511 partium
330 3435 525 3512 conspicitur,
549 3442 607 3492 tum
629 3432 686 3491 boc
707 3433 841 3493 consulto
864 3435 1002 3510 instituit,
1026 3445 1056 3494 ut
1078 3444 1157 3494 cete·

77 3559 82 3594 u
108 3557 188 3616 quae
213 3537 340 3598 Naeuius
363 3547 559 3617 occupauerat
582 3537 741 3596 summatim
765 3541 893 3598 tractatis
917 3542 945 3598 in
970 3539 1158 3598 deuerticulis

77 3644 225 3703 ibusdam
245 3643 350 3704 diutius
367 3651 543 3704 uersaretur.
581 3641 645 3714 Qua
665 3659 698 3700 re
719 3660 756 3700 ne
774 3642 845 3702 illud
862 3645 978 3721 quidam
997 3652 1054 3702 tam
1074 3645 1157 3701 mira·

77 3751 101 3806 le
139 3756 189 3806 est
224 3765 309 3824 quam
339 3747 435 3822 Hugio
466 3745 637 3818 uidebatur,
671 3745 750 3821 quod
780 3746 959 3823 splendidius
987 3763 1003 3804 a
1032 3745 1158 3805 Seruilio

80 3862 163 3911 stum
203 3850 275 3910 nibil
310 3851 346 3911 ad
377 3859 506 3908 nostram
538 3847 704 3908 memoriam
733 3852 876 3925 peruenit.
942 3850 1056 3910 Etenim
1084 3850 1157 3908 duos

77 3959 136 4013 'sse
160 3955 309 4015 Seruilios
328 3956 462 4032 geminos
485 3952 591 4012 Cicero
614 3953 700 4014 tradit
723 3955 852 4032 (quaest.
876 3954 958 4014 acad.
983 3951 1083 4026 1118,
1106 3953 1156 4012 56.

77 4089 97 4132 .‚
119 4057 204 4136 84),
231 4057 361 4117 Publium
382 4059 519 4134 alterum,
541 4059 589 4136 qui
610 4076 674 4117 cum
696 4054 729 4115 G.
746 4057 867 4118 Aurelio
886 4056 972 4116 Cotta
992 4056 1037 4115 bis
1056 4055 1158 4115 consul

80 4170 91 4219 t
125 4165 154 4220 a.
176 4181 208 4220 u.
228 4180 253 4220 c.
274 4163 332 4222 501
363 4172 392 4222 et
414 4162 493 4236 505,
525 4163 647 4222 alterum
677 4160 819 4234 Quintum.
876 4159 1004 4232 Quorum
1035 4157 1072 4216 de
1101 4158 1160 4218 boc

77 4266 109 4325 ril
142 4267 283 4346 comperi
307 4275 424 4345 praeter
451 4284 574 4326 nomen:
605 4264 656 4326 ille
686 4275 809 4342 utroque
835 4264 986 4324 consulatu
1008 4264 1037 4322 in
1058 4263 1157 4324 Sicilia
