3112 5040
613 443 855 516 animumn

661 613 807 687 XXXV]

287 745 334 843 Te
353 742 423 810 sale
443 741 520 808 nate
536 759 655 828 precor
673 737 808 819 VenuS,
835 736 869 803 te
887 729 1041 823 genetrix
1057 726 1160 818 patris
1177 723 1292 808 nostri,

287 847 334 916 Vt
352 868 404 914 me
424 843 465 911 de
485 842 579 912 caelo
600 841 692 910 uisas
714 839 859 932 cognate
880 854 1067 926 parumper.

656 974 816 1046 XXXVII

220 1099 260 1159 55
288 1088 401 1180 Teque
421 1089 516 1177 pater
536 1079 688 1154 Tiberine
707 1082 766 1148 tuo
788 1099 863 1147 cum
883 1072 1017 1144 llumine
1037 1069 1162 1139 sancte.

636 1215 811 1289 XXXVIII
825 1211 841 1249 *

289 1323 477 1416 Porphyris
500 1323 533 1392 in
552 1324 632 1394 Hor.
657 1318 905 1401 Carm.12,18
934 1309 1010 1380 ‘Ilia
1032 1307 1167 1378 auctore
1189 1302 1296 1372 Ennio
1358 1385 1360 1390 ,

184 1430 216 1497 in
236 1451 363 1498 amnem
378 1426 519 1498 Tiberini
541 1427 637 1497 iussu
655 1421 778 1498 Amulii
797 1419 889 1511 regis
907 1414 1113 1485 Albanorum
1130 1405 1297 1499 praecipi-

186 1535 255 1602 tata
275 1530 345 1600 est'
439 1546 447 1555 “
698 1571 703 1578 -

655 1626 799 1699 XXXIX
812 1621 829 1658 *

291 1753 349 1824 llia
372 1752 426 1822 dia
449 1773 554 1842 nepos
577 1773 661 1844 quas
681 1765 857 1820 aerumnas
881 1738 1027 1810 tetulisti.

702 1884 762 1954 XL
776 1880 792 1918 *

290 2044 610 2061 ......
664 1991 774 2058 cetera
795 2006 880 2078 quos
903 1976 1060 2070 peperisti

175 2096 182 2109 ¹
292 2097 339 2164 Ne
361 2115 457 2162 cures
1068 2095 1073 2104 ⁴

689 2193 763 2262 XLI
778 2189 794 2227 *

293 2367 612 2384 ......
665 2315 702 2382 ut
724 2312 783 2380 llia
802 2307 930 2379 reddita
950 2307 1087 2396 nuptum

224 2565 265 2626 60
292 2554 384 2624 Haec
401 2554 546 2622 ecfatus:
573 2553 616 2621 ibi
635 2447 789 2621 latrdltdlsl
803 2548 889 2616 dicta
909 2545 1087 2614 lacessunt.

191 2757 301 2807 Ennium
313 2754 498 2804 Vestalisilla:
523 2755 618 2804 excita’
644 2771 667 2804 e.
684 2770 709 2815 q.
725 2769 746 2802 s.
818 2748 931 2798 XXXVI
950 2745 1047 2794 Nonius
1062 2739 1163 2807 pdlss,
1178 2737 1210 2788 16
1230 2741 1304 2801 ‘Pa-

191 2816 989 2944 gpprplprlcitoep9pepppter3tunppirpspppipriilipliol,31³in
1006 2807 1305 2932 liltllttlt

194 2965 270 3030 [den.
289 2908 413 3026 Vlllll2]
442 2963 538 3012 Ennius
563 2963 589 3028 in
606 2909 698 3028 qprimu
717 2999 723 3010 .
740 2907 779 3009 .Χῖ
850 2903 965 3007 XXgXlX
987 2952 1119 3004 Charisius
1140 2950 1150 2996 I
1175 2963 1202 3013 p.
1222 2947 1255 2996 70
1276 2944 1304 2994 Ρ.

193 3033 241 3099 (50
259 3029 351 3095 Lind.)
375 3033 501 3098 ‘neptis
521 3033 681 3098 grammatici
701 3031 789 3080 nolunt
809 3029 860 3078 dici
886 3063 892 3076 .
913 3063 919 3074 .
939 3061 945 3074 .
969 3061 974 3072 .
999 3029 1024 3072 et
1041 3021 1168 3072 aduncant
1186 3018 1305 3072 Ennium,

194 3103 263 3166 quod
276 3103 370 3152 dixerit
383 3102 431 3150 ita:
448 3103 507 3151 llia'
525 3118 547 3150 e.
556 3117 580 3164 q.
589 3117 610 3151 s.
632 3101 729 3151 Nonius
744 3097 995 3165 p.215‚8⁴nep0s
1010 3093 1061 3142 dici
1076 3098 1100 3140 et
1115 3089 1211 3139 femina
1222 3091 1307 3150 potest

193 3173 274 3223 Ennio
294 3179 410 3232 auclore,
434 3186 499 3234 qnae
513 3186 580 3220 nunc
601 3173 686 3236 neptis
704 3171 809 3221 dicitur:
830 3167 888 3216 llia’
912 3181 934 3213 e.
952 3179 977 3226 q.
992 3177 1014 3211 s.
1055 3160 1145 3208 Festus
1159 3172 1186 3220 p.
1202 3154 1254 3204 286
1270 3155 1304 3202 M·

194 3247 278 3292 ‘recle
293 3241 388 3291 Ironte'
395 3277 496 3290 .....
517 3242 636 3303 antiquae
651 3242 678 3290 id
691 3237 881 3289 consuetudinis
895 3233 953 3291 init,
971 3239 999 3280 ut
1012 3245 1069 3279 cum
1084 3229 1119 3277 ait
1133 3227 1229 3276 Ennius
1245 3239 1307 3287 qua—

195 3327 256 3375 que:
277 3313 382 3375 astirpe
394 3325 523 3376 supremo,
543 3318 567 3359 et
581 3311 642 3360 Illa
657 3311 711 3360 dia
724 3306 843 3374 nepas.'
914 3301 961 3351 XL
978 3299 1084 3350 Seruius
1095 3298 1120 3346 1¹¹
1132 3297 1195 3346 Aen·
1210 3295 1246 3344 IX
1256 3294 1307 3343 656

196 3387 318 3430 ‘celera
332 3381 466 3446 deinceps:
484 3388 508 3430 et
523 3388 560 3430 est
574 3381 725 3430 aduerbium
739 3379 756 3426 i.
772 3393 795 3427 e.
812 3378 839 3424 in
854 3380 979 3430 ceterum;
998 3377 1035 3420 est
1051 3375 1135 3416 antem
1149 3365 1306 3414 Ennianum:

196 3451 291 3500 cetera'
311 3465 334 3499 e.
349 3465 374 3510 q.
390 3465 411 3498 s.
449 3450 511 3499 Cum
533 3451 665 3514 superiore
686 3447 817 3498 coniunxit
831 3443 944 3500 Merula,
969 3440 1012 3502 qui
1031 3446 1115 3487 tamen
1132 3435 1201 3498 quod
1220 3448 1308 3483 uerum

196 3527 304 3568 estnon
325 3519 458 3583 perspexit
527 3519 585 3567 XLI
610 3519 716 3568 Seruius
736 3517 839 3566 inAen.
856 3509 955 3562 111333
976 3508 1120 3558 ‘reddita
1138 3520 1208 3554 more
1228 3502 1309 3552 ueteri

197 3603 243 3652 pre
258 3588 318 3637 data
332 3587 519 3652 accipiendum,
538 3602 566 3636 re
580 3603 641 3652 erga
658 3587 778 3636 abundat.
800 3584 897 3632 Ennius
911 3582 937 3629 in
950 3578 1099 3628 annalibus:
1115 3575 1155 3624 ul'
1171 3590 1193 3623 e.
1211 3591 1235 3636 q.
1252 3589 1272 3622 s.

231 3656 302 3706 XLII
321 3655 418 3705 Nonius
426 3671 452 3720 p.
462 3655 522 3714 306,
530 3654 563 3706 23
583 3656 761 3706 ‘lacessere
772 3660 810 3704 est
819 3652 911 3702 lacere.
933 3648 1029 3698 Ennius
1039 3645 1173 3694 annalibus
1186 3644 1249 3692 lib.l
1261 3678 1267 3689 .
1277 3677 1283 3688 .
1292 3641 1307 3688 .'

202 3768 401 3778 .—.—-—-

240 3836 275 3890 53
299 3832 358 3885 sale
376 3829 452 3896 nata]
476 3835 610 3884 saneneta
633 3827 702 3882 libri.
725 3842 799 3880 nunc
822 3827 918 3879 sancta
941 3820 1087 3884 Columna,
1110 3816 1231 3872 Merula.
1256 3814 1311 3868 dea

198 3924 296 3972 sancta
304 3915 341 3970 H.
352 3915 500 3986 Ilberpiur.
523 3913 566 3985 Of.
581 3913 718 3969 Ausonias
732 3913 818 3982 epiyr.
829 3913 864 3968 33
876 3911 902 3961 el
907 3903 1076 3961 Plutarchus
1085 3901 1181 3974 Symp.
1207 3901 1311 3965 Viae

199 3989 282 4074 οἶμαι
298 3992 330 4055 δὲ
340 3993 389 4055 aul
398 3986 453 4072 τὴν
463 3984 641 4073 Ἀφροδίτην
658 3983 811 4070 ἁλιγενῆ
826 3978 894 4057 τοὺς
904 3978 1027 4064 uolricus
1042 3973 1269 4060 προςαγορεύειν

242 4088 340 4140 Venus
357 4090 383 4138 et
397 4083 460 4139 libri
564 4090 598 4140 55
617 4081 757 4153 Tyberine
772 4078 875 4150 Aaplic.
891 4074 965 4129 Med.
1020 4071 1144 4125 ‘Xanlo
1161 4069 1259 4124 Salirb.

284 4175 319 4228 56
341 4170 390 4224 Ilia
405 4168 442 4222 da
457 4167 563 4223 Nonius
638 4167 729 4234 neptis
745 4165 820 4220 Leia
837 4161 920 4216 Nonii
995 4147 1227 4209 erumnasletuli‘*
1250 4155 1310 4207 cod.

202 4255 329 4310 Charisii.
346 4269 476 4308 erumnas
493 4251 614 4306 retulisti
631 4251 737 4306 Nonius
843 4250 876 4303 59
893 4243 930 4297 ad
946 4242 992 4295 illa
1010 4257 1032 4292 r.
1046 4256 1073 4293 n.
1091 4243 1123 4294 ‘e
1138 4239 1235 4296 Seruio
1250 4238 1309 4294 Da-

201 4340 293 4393 nielis'
315 4337 429 4393 Merula
531 4341 566 4396 60
587 4337 710 4391 ecfatus:
726 4334 775 4403 ibi]
797 4337 825 4387 et
844 4331 900 4386 lata
921 4327 974 4384 sibi
988 4326 1076 4381 Beris.
1087 4324 1112 4380 b.
1128 4330 1155 4378 et
1172 4326 1245 4381 latus
1263 4322 1313 4378 ibi-
