<?xml version="1.0" encoding="UTF-8"?>
<!DOCTYPE html PUBLIC "-//W3C//DTD XHTML 1.0 Transitional//EN"
    "http://www.w3.org/TR/xhtml1/DTD/xhtml1-transitional.dtd">
<html xmlns="http://www.w3.org/1999/xhtml" xml:lang="en" lang="en">
 <head>
  <title>
</title>
<meta http-equiv="Content-Type" content="text/html;charset=utf-8" />
  <meta name='ocr-system' content='tesseract 3.04.00' />
  <meta name='ocr-capabilities' content='ocr_page ocr_carea ocr_par ocr_line ocrx_word'/>
</head>
<body>
  <div class='ocr_page' id='page_1' title='image "./ennianaepoesisr01ennigoog_0265.png"; bbox 0 0 2984 5048; ppageno 0'>
   <div class='ocr_carea' id='block_1_1' title="bbox 506 405 828 644">
    <p class='ocr_par' dir='ltr' id='par_1_1' title="bbox 506 405 828 644">
     <span class='ocr_line' id='line_1_1' title="bbox 506 405 828 465; baseline 0.006 -2"><span class='ocrx_word' id='word_1_1' title='bbox 506 405 828 465; x_wconf 77' lang='lat' dir='ltr'>neroanuunrt</span> 
     </span>
     <span class='ocr_line' id='line_1_2' title="bbox 649 573 678 644; baseline 0 0"><span class='ocrx_word' id='word_1_2' title='bbox 649 573 678 644; x_wconf 89' lang='lat' dir='ltr'>Il</span> 
     </span>
    </p>
   </div>
   <div class='ocr_carea' id='block_1_2' title="bbox 169 705 1105 904">
    <p class='ocr_par' dir='ltr' id='par_1_2' title="bbox 169 705 1105 904">
     <span class='ocr_line' id='line_1_3' title="bbox 169 705 1105 799; baseline 0.002 -25"><span class='ocrx_word' id='word_1_3' title='bbox 169 716 190 774; x_wconf 85' lang='lat'>5</span> <span class='ocrx_word' id='word_1_4' title='bbox 219 706 281 775; x_wconf 90' lang='lat' dir='ltr'>Hic</span> <span class='ocrx_word' id='word_1_5' title='bbox 301 711 352 777; x_wconf 92' lang='lat' dir='ltr'>est</span> <span class='ocrx_word' id='word_1_6' title='bbox 371 708 425 778; x_wconf 91' lang='lat' dir='ltr'>ille</span> <span class='ocrx_word' id='word_1_7' title='bbox 447 707 547 792; x_wconf 75' lang='lat' dir='ltr'>sitm,</span> <span class='ocrx_word' id='word_1_8' title='bbox 576 707 628 777; x_wconf 93' lang='lat' dir='ltr'>cui</span> <span class='ocrx_word' id='word_1_9' title='bbox 646 730 743 777; x_wconf 91' lang='lat' dir='ltr'>nemo</span> <span class='ocrx_word' id='word_1_10' title='bbox 767 706 849 776; x_wconf 91' lang='lat' dir='ltr'>ciuis</span> <span class='ocrx_word' id='word_1_11' title='bbox 871 727 979 799; x_wconf 93' lang='lat' dir='ltr'>neque</span> <span class='ocrx_word' id='word_1_12' title='bbox 999 705 1105 776; x_wconf 90' lang='lat' dir='ltr'>hostis</span> 
     </span>
     <span class='ocr_line' id='line_1_4' title="bbox 270 808 998 904; baseline 0 -26"><span class='ocrx_word' id='word_1_13' title='bbox 270 808 381 893; x_wconf 84' lang='lat' dir='ltr'>Quiuit</span> <span class='ocrx_word' id='word_1_14' title='bbox 397 833 459 904; x_wconf 92' lang='lat' dir='ltr'>pro</span> <span class='ocrx_word' id='word_1_15' title='bbox 480 812 575 880; x_wconf 89' lang='lat' dir='ltr'>lactis</span> <span class='ocrx_word' id='word_1_16' title='bbox 592 811 731 880; x_wconf 84' lang='lat' dir='ltr'>reddere</span> <span class='ocrx_word' id='word_1_17' title='bbox 753 811 826 903; x_wconf 92' lang='lat' dir='ltr'>opis</span> <span class='ocrx_word' id='word_1_18' title='bbox 848 809 998 902; x_wconf 90' lang='lat' dir='ltr'>pretium.</span> 
     </span>
    </p>
   </div>
   <div class='ocr_carea' id='block_1_3' title="bbox 647 961 689 1031">
    <p class='ocr_par' dir='ltr' id='par_1_3' title="bbox 647 961 689 1031">
     <span class='ocr_line' id='line_1_5' title="bbox 647 961 689 1031; baseline 0 0"><span class='ocrx_word' id='word_1_19' title='bbox 647 961 689 1031; x_wconf 93' lang='grc'>111</span> 
     </span>
    </p>
   </div>
   <div class='ocr_carea' id='block_1_4' title="bbox 218 1064 1076 1288">
    <p class='ocr_par' dir='ltr' id='par_1_4' title="bbox 218 1064 1076 1288">
     <span class='ocr_line' id='line_1_6' title="bbox 218 1064 1059 1184; baseline -0.001 -24"><span class='ocrx_word' id='word_1_20' title='bbox 218 1091 250 1160; x_wconf 83' lang='lat' dir='ltr'>A</span> <span class='ocrx_word' id='word_1_21' title='bbox 267 1089 340 1159; x_wconf 91' lang='lat' dir='ltr'>sole</span> <span class='ocrx_word' id='word_1_22' title='bbox 361 1091 531 1161; x_wconf 84' lang='lat' dir='ltr'>exoriente</span> <span class='ocrx_word' id='word_1_23' title='bbox 552 1112 655 1184; x_wconf 92' lang='lat' dir='ltr'>snpra</span> <span class='ocrx_word' id='word_1_24' title='bbox 671 1089 810 1160; x_wconf 89' lang='lat' dir='ltr'>Maeotis</span> <span class='ocrx_word' id='word_1_25' title='bbox 829 1064 969 1180; x_wconf 87' lang='lat' dir='ltr'>paludes</span> <span class='ocrx_word' id='word_1_26' title='bbox 1056 1140 1059 1148; x_wconf 83' lang='lat'>-</span> 
     </span>
     <span class='ocr_line' id='line_1_7' title="bbox 268 1193 1076 1288; baseline -0.004 -27"><span class='ocrx_word' id='word_1_27' title='bbox 268 1194 371 1263; x_wconf 91' lang='lat' dir='ltr'>Nemo</span> <span class='ocrx_word' id='word_1_28' title='bbox 393 1197 444 1264; x_wconf 90' lang='lat' dir='ltr'>est</span> <span class='ocrx_word' id='word_1_29' title='bbox 465 1194 521 1288; x_wconf 90' lang='lat' dir='ltr'>qui</span> <span class='ocrx_word' id='word_1_30' title='bbox 540 1193 636 1264; x_wconf 89' lang='lat' dir='ltr'>factis</span> <span class='ocrx_word' id='word_1_31' title='bbox 658 1217 710 1264; x_wconf 91' lang='lat' dir='ltr'>me</span> <span class='ocrx_word' id='word_1_32' title='bbox 728 1193 943 1285; x_wconf 81' lang='lat' dir='ltr'>aequiperare</span> <span class='ocrx_word' id='word_1_33' title='bbox 967 1194 1076 1284; x_wconf 81' lang='lat' dir='ltr'>queat.</span> 
     </span>
    </p>
   </div>
   <div class='ocr_carea' id='block_1_5' title="bbox 145 1293 1226 1491">
    <p class='ocr_par' dir='ltr' id='par_1_5' title="bbox 145 1293 1226 1491">
     <span class='ocr_line' id='line_1_8' title="bbox 216 1293 1226 1390; baseline -0.006 -24"><span class='ocrx_word' id='word_1_34' title='bbox 216 1294 253 1366; x_wconf 92' lang='lat' dir='ltr'>Si</span> <span class='ocrx_word' id='word_1_35' title='bbox 270 1297 323 1364; x_wconf 86' lang='lat' dir='ltr'>fas</span> <span class='ocrx_word' id='word_1_36' title='bbox 341 1298 428 1366; x_wconf 90' lang='lat' dir='ltr'>endo</span> <span class='ocrx_word' id='word_1_37' title='bbox 448 1297 569 1390; x_wconf 85' lang='lat' dir='ltr'>plagas</span> <span class='ocrx_word' id='word_1_38' title='bbox 592 1297 772 1367; x_wconf 90' lang='lat' dir='ltr'>caelestum</span> <span class='ocrx_word' id='word_1_39' title='bbox 791 1295 971 1365; x_wconf 89' lang='lat' dir='ltr'>ascendere</span> <span class='ocrx_word' id='word_1_40' title='bbox 989 1293 1141 1385; x_wconf 84' lang='lat' dir='ltr'>cuiquam</span> <span class='ocrx_word' id='word_1_41' title='bbox 1164 1295 1226 1378; x_wconf 88' lang='lat' dir='ltr'>est,</span> 
     </span>
     <span class='ocr_line' id='line_1_9' title="bbox 145 1399 892 1491; baseline 0 -24"><span class='ocrx_word' id='word_1_42' title='bbox 145 1407 187 1468; x_wconf 90' lang='lat'>10</span> <span class='ocrx_word' id='word_1_43' title='bbox 266 1399 310 1468; x_wconf 89' lang='lat' dir='ltr'>Mi</span> <span class='ocrx_word' id='word_1_44' title='bbox 327 1399 391 1468; x_wconf 93' lang='lat' dir='ltr'>soli</span> <span class='ocrx_word' id='word_1_45' title='bbox 411 1399 493 1469; x_wconf 90' lang='lat' dir='ltr'>caeli</span> <span class='ocrx_word' id='word_1_46' title='bbox 511 1399 654 1470; x_wconf 88' lang='lat' dir='ltr'>maxima</span> <span class='ocrx_word' id='word_1_47' title='bbox 675 1403 772 1491; x_wconf 87' lang='lat' dir='ltr'>porta</span> <span class='ocrx_word' id='word_1_48' title='bbox 793 1399 892 1491; x_wconf 90' lang='lat' dir='ltr'>patet.</span> 
     </span>
    </p>
   </div>
   <div class='ocr_carea' id='block_1_6' title="bbox 108 1595 1234 3604">
    <p class='ocr_par' dir='ltr' id='par_1_6' title="bbox 108 1595 1234 3604">
     <span class='ocr_line' id='line_1_10' title="bbox 108 1595 1229 1664; baseline -0.001 -18"><span class='ocrx_word' id='word_1_49' title='bbox 108 1595 243 1646; x_wconf 89' lang='lat' dir='ltr'>celebrent</span> <span class='ocrx_word' id='word_1_50' title='bbox 261 1595 351 1646; x_wconf 85' lang='lat' dir='ltr'>lunera</span> <span class='ocrx_word' id='word_1_51' title='bbox 370 1612 427 1646; x_wconf 93' lang='lat' dir='ltr'>curn</span> <span class='ocrx_word' id='word_1_52' title='bbox 447 1599 563 1664; x_wconf 68' lang='lat' dir='ltr'>gemitu!</span> <span class='ocrx_word' id='word_1_53' title='bbox 597 1599 669 1649; x_wconf 88' lang='lat' dir='ltr'>idem</span> <span class='ocrx_word' id='word_1_54' title='bbox 684 1598 738 1649; x_wconf 82' lang='lat' dir='ltr'>Cat.</span> <span class='ocrx_word' id='word_1_55' title='bbox 752 1599 813 1649; x_wconf 89' lang='lat' dir='ltr'>mal.</span> <span class='ocrx_word' id='word_1_56' title='bbox 828 1599 871 1660; x_wconf 82' lang='grc'>20,</span> <span class='ocrx_word' id='word_1_57' title='bbox 886 1597 920 1650; x_wconf 86' lang='grc'>73</span> <span class='ocrx_word' id='word_1_58' title='bbox 939 1595 1056 1648; x_wconf 88' lang='lat' dir='ltr'>‘Solonis</span> <span class='ocrx_word' id='word_1_59' title='bbox 1070 1595 1174 1660; x_wconf 89' lang='lat' dir='ltr'>quidem</span> <span class='ocrx_word' id='word_1_60' title='bbox 1187 1611 1229 1646; x_wconf 85' lang='lat' dir='ltr'>aa·</span> 
     </span>
     <span class='ocr_line' id='line_1_11' title="bbox 108 1666 1229 1736; baseline 0.002 -22"><span class='ocrx_word' id='word_1_61' title='bbox 108 1666 210 1731; x_wconf 88' lang='lat' dir='ltr'>pientis</span> <span class='ocrx_word' id='word_1_62' title='bbox 230 1666 343 1731; x_wconf 87' lang='lat' dir='ltr'>elogium</span> <span class='ocrx_word' id='word_1_63' title='bbox 362 1674 415 1728; x_wconf 89' lang='lat' dir='ltr'>est,</span> <span class='ocrx_word' id='word_1_64' title='bbox 436 1682 485 1730; x_wconf 91' lang='lat' dir='ltr'>quo</span> <span class='ocrx_word' id='word_1_65' title='bbox 508 1685 536 1719; x_wconf 88' lang='lat' dir='ltr'>se</span> <span class='ocrx_word' id='word_1_66' title='bbox 553 1676 630 1736; x_wconf 81' lang='lat' dir='ltr'>negat</span> <span class='ocrx_word' id='word_1_67' title='bbox 648 1668 716 1718; x_wconf 91' lang='lat' dir='ltr'>uelle</span> <span class='ocrx_word' id='word_1_68' title='bbox 734 1685 807 1718; x_wconf 87' lang='lat' dir='ltr'>suam</span> <span class='ocrx_word' id='word_1_69' title='bbox 824 1675 930 1719; x_wconf 90' lang='lat' dir='ltr'>mortem</span> <span class='ocrx_word' id='word_1_70' title='bbox 946 1666 1034 1717; x_wconf 91' lang='lat' dir='ltr'>dolore</span> <span class='ocrx_word' id='word_1_71' title='bbox 1050 1667 1188 1716; x_wconf 91' lang='lat' dir='ltr'>amicorum</span> <span class='ocrx_word' id='word_1_72' title='bbox 1204 1673 1229 1716; x_wconf 89' lang='lat' dir='ltr'>et</span> 
     </span>
     <span class='ocr_line' id='line_1_12' title="bbox 109 1735 1228 1789; baseline 0.002 -5"><span class='ocrx_word' id='word_1_73' title='bbox 109 1735 233 1785; x_wconf 88' lang='lat' dir='ltr'>lamentis</span> <span class='ocrx_word' id='word_1_74' title='bbox 253 1751 355 1786; x_wconf 86' lang='lat' dir='ltr'>uacare.</span> <span class='ocrx_word' id='word_1_75' title='bbox 386 1737 447 1786; x_wconf 92' lang='lat' dir='ltr'>Volt</span> <span class='ocrx_word' id='word_1_76' title='bbox 464 1738 540 1788; x_wconf 91' lang='lat' dir='ltr'>credo</span> <span class='ocrx_word' id='word_1_77' title='bbox 558 1754 586 1788; x_wconf 89' lang='lat' dir='ltr'>se</span> <span class='ocrx_word' id='word_1_78' title='bbox 604 1753 662 1789; x_wconf 89' lang='lat' dir='ltr'>esse</span> <span class='ocrx_word' id='word_1_79' title='bbox 679 1753 765 1788; x_wconf 89' lang='lat' dir='ltr'>carum</span> <span class='ocrx_word' id='word_1_80' title='bbox 786 1740 854 1789; x_wconf 87' lang='lat' dir='ltr'>suis:</span> <span class='ocrx_word' id='word_1_81' title='bbox 875 1737 922 1788; x_wconf 87' lang='lat' dir='ltr'>sed</span> <span class='ocrx_word' id='word_1_82' title='bbox 941 1736 1004 1788; x_wconf 88' lang='lat' dir='ltr'>haut</span> <span class='ocrx_word' id='word_1_83' title='bbox 1018 1737 1072 1786; x_wconf 91' lang='lat' dir='ltr'>scio</span> <span class='ocrx_word' id='word_1_84' title='bbox 1087 1751 1119 1786; x_wconf 91' lang='lat' dir='ltr'>an</span> <span class='ocrx_word' id='word_1_85' title='bbox 1136 1737 1228 1786; x_wconf 89' lang='lat' dir='ltr'>melius</span> 
     </span>
     <span class='ocr_line' id='line_1_13' title="bbox 110 1802 1228 1874; baseline 0.003 -21"><span class='ocrx_word' id='word_1_86' title='bbox 110 1805 226 1854; x_wconf 88' lang='lat' dir='ltr'>Ennius:</span> <span class='ocrx_word' id='word_1_87' title='bbox 254 1819 328 1855; x_wconf 92' lang='lat' dir='ltr'>nemo</span> <span class='ocrx_word' id='word_1_88' title='bbox 418 1805 501 1856; x_wconf 67' lang='lat' dir='ltr'>laxit!</span> <span class='ocrx_word' id='word_1_89' title='bbox 574 1809 598 1857; x_wconf 91' lang='grc' dir='ltr'>ΙΙ</span> <span class='ocrx_word' id='word_1_90' title='bbox 626 1807 723 1858; x_wconf 84' lang='lat' dir='ltr'>Seneca</span> <span class='ocrx_word' id='word_1_91' title='bbox 745 1809 827 1874; x_wconf 84' lang='lat' dir='ltr'>Epist.</span> <span class='ocrx_word' id='word_1_92' title='bbox 852 1823 916 1858; x_wconf 91' lang='lat' dir='ltr'>mor.</span> <span class='ocrx_word' id='word_1_93' title='bbox 941 1806 1028 1856; x_wconf 88' lang='lat' dir='ltr'>XVIII</span> <span class='ocrx_word' id='word_1_94' title='bbox 1045 1810 1061 1860; x_wconf 83' lang='lat'>5</span> <span class='ocrx_word' id='word_1_95' title='bbox 1079 1802 1171 1872; x_wconf 80' lang='lat'>(108),</span> <span class='ocrx_word' id='word_1_96' title='bbox 1194 1804 1228 1856; x_wconf 84' lang='lat'>32</span> 
     </span>
     <span class='ocr_line' id='line_1_14' title="bbox 112 1873 1226 1941; baseline 0 -17"><span class='ocrx_word' id='word_1_97' title='bbox 112 1874 228 1924; x_wconf 88' lang='lat' dir='ltr'>‘deinde</span> <span class='ocrx_word' id='word_1_98' title='bbox 247 1875 387 1925; x_wconf 82' lang='lat' dir='ltr'>Ennianos&#39;</span> <span class='ocrx_word' id='word_1_99' title='bbox 417 1875 607 1941; x_wconf 86' lang='lat' dir='ltr'>(Ennianos</span> <span class='ocrx_word' id='word_1_100' title='bbox 633 1879 699 1928; x_wconf 91' lang='lat' dir='ltr'>coni.</span> <span class='ocrx_word' id='word_1_101' title='bbox 726 1878 871 1927; x_wconf 79' lang='lat' dir='ltr'>Pincianus.</span> <span class='ocrx_word' id='word_1_102' title='bbox 896 1877 1009 1926; x_wconf 86' lang='lat' dir='ltr'>inanes</span> <span class='ocrx_word' id='word_1_103' title='bbox 1029 1873 1119 1924; x_wconf 89' lang='lat' dir='ltr'>Bamb.</span> <span class='ocrx_word' id='word_1_104' title='bbox 1142 1873 1226 1924; x_wconf 83' lang='lat' dir='ltr'>Gucli.</span> 
     </span>
     <span class='ocr_line' id='line_1_15' title="bbox 111 1944 1228 2012; baseline -0.002 -18"><span class='ocrx_word' id='word_1_105' title='bbox 111 1944 198 1994; x_wconf 88' lang='lat' dir='ltr'>Rehd.</span> <span class='ocrx_word' id='word_1_106' title='bbox 218 1945 245 1993; x_wconf 93' lang='lat' dir='ltr'>in</span> <span class='ocrx_word' id='word_1_107' title='bbox 263 1944 354 2006; x_wconf 91' lang='lat' dir='ltr'>litura,</span> <span class='ocrx_word' id='word_1_108' title='bbox 374 1959 462 1996; x_wconf 88' lang='lat' dir='ltr'>omncs</span> <span class='ocrx_word' id='word_1_109' title='bbox 474 1947 547 1996; x_wconf 86' lang='lat' dir='ltr'>Rom.</span> <span class='ocrx_word' id='word_1_110' title='bbox 564 1954 588 1997; x_wconf 91' lang='lat' dir='ltr'>et</span> <span class='ocrx_word' id='word_1_111' title='bbox 601 1947 659 1997; x_wconf 92' lang='lat' dir='ltr'>cdd.</span> <span class='ocrx_word' id='word_1_112' title='bbox 675 1945 789 2012; x_wconf 88' lang='lat' dir='ltr'>Gruteri)</span> <span class='ocrx_word' id='word_1_113' title='bbox 813 1947 928 2012; x_wconf 76' lang='lat' dir='ltr'>‘colligit</span> <span class='ocrx_word' id='word_1_114' title='bbox 939 1945 1034 1995; x_wconf 70' lang='lat' dir='ltr'>‘uersus</span> <span class='ocrx_word' id='word_1_115' title='bbox 1051 1952 1076 1994; x_wconf 90' lang='lat' dir='ltr'>et</span> <span class='ocrx_word' id='word_1_116' title='bbox 1094 1945 1120 1993; x_wconf 91' lang='lat' dir='ltr'>in</span> <span class='ocrx_word' id='word_1_117' title='bbox 1137 1944 1228 2009; x_wconf 89' lang='lat' dir='ltr'>primis</span> 
     </span>
     <span class='ocr_line' id='line_1_16' title="bbox 113 2011 1230 2081; baseline 0 -19"><span class='ocrx_word' id='word_1_118' title='bbox 113 2013 175 2063; x_wconf 92' lang='lat' dir='ltr'>illos</span> <span class='ocrx_word' id='word_1_119' title='bbox 191 2013 223 2063; x_wconf 90' lang='lat' dir='ltr'>de</span> <span class='ocrx_word' id='word_1_120' title='bbox 238 2013 360 2064; x_wconf 86' lang='lat' dir='ltr'>Africano</span> <span class='ocrx_word' id='word_1_121' title='bbox 373 2015 495 2081; x_wconf 88' lang='lat' dir='ltr'>scriptos:</span> <span class='ocrx_word' id='word_1_122' title='bbox 515 2017 557 2065; x_wconf 90' lang='lat' dir='ltr'>cui</span> <span class='ocrx_word' id='word_1_123' title='bbox 570 2017 656 2066; x_wconf 86' lang='lat' dir='ltr'>nemo&#39;</span> <span class='ocrx_word' id='word_1_124' title='bbox 677 2032 699 2066; x_wconf 92' lang='lat' dir='ltr'>e.</span> <span class='ocrx_word' id='word_1_125' title='bbox 714 2033 739 2080; x_wconf 92' lang='lat' dir='ltr'>q.</span> <span class='ocrx_word' id='word_1_126' title='bbox 755 2033 776 2065; x_wconf 90' lang='lat' dir='ltr'>s.</span> <span class='ocrx_word' id='word_1_127' title='bbox 798 2019 846 2066; x_wconf 85' lang='lat' dir='ltr'>‘ex</span> <span class='ocrx_word' id='word_1_128' title='bbox 859 2030 889 2066; x_wconf 92' lang='lat' dir='ltr'>eo</span> <span class='ocrx_word' id='word_1_129' title='bbox 903 2031 931 2065; x_wconf 91' lang='lat' dir='ltr'>se</span> <span class='ocrx_word' id='word_1_130' title='bbox 946 2015 981 2066; x_wconf 90' lang='lat' dir='ltr'>ait</span> <span class='ocrx_word' id='word_1_131' title='bbox 994 2013 1144 2080; x_wconf 84' lang='lat' dir='ltr'>intellegere</span> <span class='ocrx_word' id='word_1_132' title='bbox 1159 2011 1230 2078; x_wconf 85' lang='lat' dir='ltr'>apud</span> 
     </span>
     <span class='ocr_line' id='line_1_17' title="bbox 114 2083 1230 2151; baseline -0.001 -19"><span class='ocrx_word' id='word_1_133' title='bbox 114 2083 234 2145; x_wconf 88' lang='lat' dir='ltr'>antiquos</span> <span class='ocrx_word' id='word_1_134' title='bbox 253 2097 304 2132; x_wconf 90' lang='lat' dir='ltr'>non</span> <span class='ocrx_word' id='word_1_135' title='bbox 316 2090 413 2134; x_wconf 88' lang='lat' dir='ltr'>tantum</span> <span class='ocrx_word' id='word_1_136' title='bbox 426 2085 551 2135; x_wconf 88' lang='lat' dir='ltr'>auxilium</span> <span class='ocrx_word' id='word_1_137' title='bbox 564 2085 724 2151; x_wconf 82' lang='lat' dir='ltr'>significasse</span> <span class='ocrx_word' id='word_1_138' title='bbox 743 2099 836 2151; x_wconf 89' lang='lat' dir='ltr'>opem</span> <span class='ocrx_word' id='word_1_139' title='bbox 851 2085 897 2135; x_wconf 89' lang='lat' dir='ltr'>sed</span> <span class='ocrx_word' id='word_1_140' title='bbox 912 2097 1031 2150; x_wconf 86' lang='lat' dir='ltr'>operam:</span> <span class='ocrx_word' id='word_1_141' title='bbox 1050 2083 1086 2132; x_wconf 92' lang='lat' dir='ltr'>ait</span> <span class='ocrx_word' id='word_1_142' title='bbox 1099 2083 1166 2134; x_wconf 90' lang='lat' dir='ltr'>enim</span> <span class='ocrx_word' id='word_1_143' title='bbox 1179 2083 1230 2132; x_wconf 78' lang='lat' dir='ltr'>ltn-</span> 
     </span>
     <span class='ocr_line' id='line_1_18' title="bbox 115 2152 1230 2221; baseline 0 -21"><span class='ocrx_word' id='word_1_144' title='bbox 115 2153 175 2202; x_wconf 86' lang='lat' dir='ltr'>nius</span> <span class='ocrx_word' id='word_1_145' title='bbox 189 2153 316 2202; x_wconf 91' lang='lat' dir='ltr'>neminem</span> <span class='ocrx_word' id='word_1_146' title='bbox 329 2155 444 2219; x_wconf 88' lang='lat' dir='ltr'>potuisse</span> <span class='ocrx_word' id='word_1_147' title='bbox 453 2153 569 2221; x_wconf 83' lang='lat' dir='ltr'>Scipioni</span> <span class='ocrx_word' id='word_1_148' title='bbox 585 2170 667 2220; x_wconf 88' lang='lat' dir='ltr'>neque</span> <span class='ocrx_word' id='word_1_149' title='bbox 681 2157 764 2206; x_wconf 91' lang='lat' dir='ltr'>ciuem</span> <span class='ocrx_word' id='word_1_150' title='bbox 778 2170 861 2219; x_wconf 90' lang='lat' dir='ltr'>neque</span> <span class='ocrx_word' id='word_1_151' title='bbox 875 2155 975 2204; x_wconf 82' lang='lat' dir='ltr'>hostem</span> <span class='ocrx_word' id='word_1_152' title='bbox 988 2152 1096 2203; x_wconf 89' lang='lat' dir='ltr'>reddere</span> <span class='ocrx_word' id='word_1_153' title='bbox 1112 2167 1230 2218; x_wconf 88' lang='lat' dir='ltr'>operae</span> 
     </span>
     <span class='ocr_line' id='line_1_19' title="bbox 115 2221 1229 2292; baseline 0 -22"><span class='ocrx_word' id='word_1_154' title='bbox 115 2223 277 2288; x_wconf 67' lang='lat' dir='ltr'>pretium!</span> <span class='ocrx_word' id='word_1_155' title='bbox 302 2221 360 2289; x_wconf 88' lang='lat' dir='ltr'>(Sic</span> <span class='ocrx_word' id='word_1_156' title='bbox 377 2225 475 2275; x_wconf 89' lang='lat' dir='ltr'>restitui</span> <span class='ocrx_word' id='word_1_157' title='bbox 498 2225 594 2274; x_wconf 90' lang='lat' dir='ltr'>locum:</span> <span class='ocrx_word' id='word_1_158' title='bbox 615 2227 641 2275; x_wconf 93' lang='lat' dir='ltr'>in</span> <span class='ocrx_word' id='word_1_159' title='bbox 654 2240 730 2288; x_wconf 90' lang='lat' dir='ltr'>quem</span> <span class='ocrx_word' id='word_1_160' title='bbox 749 2227 891 2292; x_wconf 89' lang='lat' dir='ltr'>scripturae</span> <span class='ocrx_word' id='word_1_161' title='bbox 904 2223 1077 2290; x_wconf 82' lang='lat' dir='ltr'>discrepantia</span> <span class='ocrx_word' id='word_1_162' title='bbox 1094 2221 1159 2271; x_wconf 89' lang='lat' dir='ltr'>haec</span> <span class='ocrx_word' id='word_1_163' title='bbox 1177 2229 1229 2272; x_wconf 86' lang='lat' dir='ltr'>est:</span> 
     </span>
     <span class='ocr_line' id='line_1_20' title="bbox 117 2292 1232 2359; baseline 0.001 -21"><span class='ocrx_word' id='word_1_164' title='bbox 117 2305 182 2340; x_wconf 92' lang='lat' dir='ltr'>non</span> <span class='ocrx_word' id='word_1_165' title='bbox 200 2306 327 2358; x_wconf 88' lang='lat' dir='ltr'>superscr.</span> <span class='ocrx_word' id='word_1_166' title='bbox 349 2294 375 2342; x_wconf 92' lang='lat' dir='ltr'>in</span> <span class='ocrx_word' id='word_1_167' title='bbox 395 2293 479 2344; x_wconf 80' lang='lat' dir='ltr'>Gueli.</span> <span class='ocrx_word' id='word_1_168' title='bbox 552 2308 643 2359; x_wconf 88' lang='lat' dir='ltr'>opem</span> <span class='ocrx_word' id='word_1_169' title='bbox 660 2309 710 2344; x_wconf 89' lang='lat' dir='ltr'>om.</span> <span class='ocrx_word' id='word_1_170' title='bbox 725 2294 784 2344; x_wconf 91' lang='lat' dir='ltr'>libri</span> <span class='ocrx_word' id='word_1_171' title='bbox 854 2293 910 2344; x_wconf 88' lang='lat' dir='ltr'>scd</span> <span class='ocrx_word' id='word_1_172' title='bbox 933 2308 1031 2359; x_wconf 92' lang='lat' dir='ltr'>opera</span> <span class='ocrx_word' id='word_1_173' title='bbox 1051 2292 1104 2340; x_wconf 88' lang='lat' dir='ltr'>ait.</span> <span class='ocrx_word' id='word_1_174' title='bbox 1127 2305 1232 2356; x_wconf 90' lang='lat' dir='ltr'>opera</span> 
     </span>
     <span class='ocr_line' id='line_1_21' title="bbox 117 2357 1230 2430; baseline 0 -21"><span class='ocrx_word' id='word_1_175' title='bbox 117 2361 200 2409; x_wconf 88' lang='lat' dir='ltr'>enim</span> <span class='ocrx_word' id='word_1_176' title='bbox 220 2361 251 2411; x_wconf 93' lang='lat' dir='ltr'>in</span> <span class='ocrx_word' id='word_1_177' title='bbox 271 2363 339 2411; x_wconf 88' lang='lat' dir='ltr'>eius</span> <span class='ocrx_word' id='word_1_178' title='bbox 361 2364 521 2413; x_wconf 89' lang='lat' dir='ltr'>neminem</span> <span class='ocrx_word' id='word_1_179' title='bbox 539 2364 628 2414; x_wconf 90' lang='lat' dir='ltr'>Bamb.</span> <span class='ocrx_word' id='word_1_180' title='bbox 645 2363 728 2414; x_wconf 88' lang='lat' dir='ltr'>Guell.</span> <span class='ocrx_word' id='word_1_181' title='bbox 755 2363 821 2430; x_wconf 89' lang='lat' dir='ltr'>(nisi</span> <span class='ocrx_word' id='word_1_182' title='bbox 841 2362 909 2426; x_wconf 89' lang='lat' dir='ltr'>quod</span> <span class='ocrx_word' id='word_1_183' title='bbox 927 2363 959 2411; x_wconf 90' lang='lat' dir='ltr'>in</span> <span class='ocrx_word' id='word_1_184' title='bbox 980 2375 1030 2411; x_wconf 92' lang='lat' dir='ltr'>om.</span> <span class='ocrx_word' id='word_1_185' title='bbox 1051 2357 1151 2424; x_wconf 84' lang='lat' dir='ltr'>Guell.)</span> <span class='ocrx_word' id='word_1_186' title='bbox 1170 2359 1230 2410; x_wconf 88' lang='lat' dir='ltr'>sed</span> 
     </span>
     <span class='ocr_line' id='line_1_22' title="bbox 118 2427 1230 2496; baseline 0 -18"><span class='ocrx_word' id='word_1_187' title='bbox 118 2443 257 2495; x_wconf 88' lang='lat' dir='ltr'>operam.</span> <span class='ocrx_word' id='word_1_188' title='bbox 278 2433 324 2480; x_wconf 92' lang='lat' dir='ltr'>ait</span> <span class='ocrx_word' id='word_1_189' title='bbox 342 2433 426 2481; x_wconf 89' lang='lat' dir='ltr'>enim</span> <span class='ocrx_word' id='word_1_190' title='bbox 444 2434 600 2483; x_wconf 87' lang='lat' dir='ltr'>neminem</span> <span class='ocrx_word' id='word_1_191' title='bbox 612 2432 695 2482; x_wconf 86' lang='lat' dir='ltr'>Rehd.</span> <span class='ocrx_word' id='word_1_192' title='bbox 712 2435 799 2481; x_wconf 89' lang='lat' dir='ltr'>aVat.</span> <span class='ocrx_word' id='word_1_193' title='bbox 819 2429 865 2496; x_wconf 80' lang='grc' dir='ltr'>ζφ</span> <span class='ocrx_word' id='word_1_194' title='bbox 885 2431 939 2480; x_wconf 91' lang='lat' dir='ltr'>Pal.</span> <span class='ocrx_word' id='word_1_195' title='bbox 965 2428 1072 2479; x_wconf 81' lang='lat' dir='ltr'>tiPal.</span> <span class='ocrx_word' id='word_1_196' title='bbox 1088 2428 1104 2480; x_wconf 88' lang='grc'><strong>3</strong></span> <span class='ocrx_word' id='word_1_197' title='bbox 1119 2427 1230 2479; x_wconf 89' lang='lat' dir='ltr'>Gruteri.</span> 
     </span>
     <span class='ocr_line' id='line_1_23' title="bbox 118 2498 1232 2567; baseline 0 -19"><span class='ocrx_word' id='word_1_198' title='bbox 118 2499 173 2548; x_wconf 89' lang='lat' dir='ltr'>sed</span> <span class='ocrx_word' id='word_1_199' title='bbox 193 2513 324 2565; x_wconf 88' lang='lat' dir='ltr'>operam</span> <span class='ocrx_word' id='word_1_200' title='bbox 338 2502 391 2550; x_wconf 92' lang='lat' dir='ltr'>ait.</span> <span class='ocrx_word' id='word_1_201' title='bbox 409 2502 595 2567; x_wconf 88' lang='lat' dir='ltr'>operaeius</span> <span class='ocrx_word' id='word_1_202' title='bbox 610 2502 768 2551; x_wconf 85' lang='lat' dir='ltr'>nemiuem</span> <span class='ocrx_word' id='word_1_203' title='bbox 783 2502 841 2549; x_wconf 91' lang='lat' dir='ltr'>Vat.</span> <span class='ocrx_word' id='word_1_204' title='bbox 857 2515 884 2564; x_wconf 86' lang='grc' dir='ltr'>η.</span> <span class='ocrx_word' id='word_1_205' title='bbox 906 2499 963 2549; x_wconf 88' lang='lat' dir='ltr'>sed</span> <span class='ocrx_word' id='word_1_206' title='bbox 983 2498 1232 2564; x_wconf 87' lang='lat' dir='ltr'>operaeiusne-</span> 
     </span>
     <span class='ocr_line' id='line_1_24' title="bbox 118 2567 1230 2637; baseline -0.001 -20"><span class='ocrx_word' id='word_1_207' title='bbox 118 2568 232 2618; x_wconf 90' lang='lat' dir='ltr'>minem</span> <span class='ocrx_word' id='word_1_208' title='bbox 250 2571 309 2618; x_wconf 89' lang='lat' dir='ltr'>Vat.</span> <span class='ocrx_word' id='word_1_209' title='bbox 325 2584 353 2617; x_wconf 84' lang='grc' dir='ltr'>α.</span> <span class='ocrx_word' id='word_1_210' title='bbox 376 2571 434 2619; x_wconf 88' lang='lat' dir='ltr'>scd</span> <span class='ocrx_word' id='word_1_211' title='bbox 452 2583 592 2637; x_wconf 78' lang='lat' dir='ltr'>operam.</span> <span class='ocrx_word' id='word_1_212' title='bbox 617 2571 662 2618; x_wconf 93' lang='lat' dir='ltr'>ait</span> <span class='ocrx_word' id='word_1_213' title='bbox 684 2571 819 2620; x_wconf 90' lang='lat' dir='ltr'>enimin</span> <span class='ocrx_word' id='word_1_214' title='bbox 840 2570 912 2619; x_wconf 86' lang='lat' dir='ltr'>eins</span> <span class='ocrx_word' id='word_1_215' title='bbox 936 2567 1095 2618; x_wconf 89' lang='lat' dir='ltr'>neminem</span> <span class='ocrx_word' id='word_1_216' title='bbox 1119 2567 1183 2616; x_wconf 92' lang='lat' dir='ltr'>Vrb.</span> <span class='ocrx_word' id='word_1_217' title='bbox 1203 2582 1230 2616; x_wconf 83' lang='lat' dir='ltr'>o.</span> 
     </span>
     <span class='ocr_line' id='line_1_25' title="bbox 120 2635 1230 2703; baseline 0 -18"><span class='ocrx_word' id='word_1_218' title='bbox 120 2636 176 2686; x_wconf 87' lang='lat' dir='ltr'>sed</span> <span class='ocrx_word' id='word_1_219' title='bbox 198 2650 298 2702; x_wconf 90' lang='lat' dir='ltr'>opera</span> <span class='ocrx_word' id='word_1_220' title='bbox 318 2638 373 2687; x_wconf 85' lang='lat' dir='ltr'>ait.</span> <span class='ocrx_word' id='word_1_221' title='bbox 394 2653 492 2703; x_wconf 90' lang='lat' dir='ltr'>opera</span> <span class='ocrx_word' id='word_1_222' title='bbox 510 2640 593 2688; x_wconf 89' lang='lat' dir='ltr'>enim</span> <span class='ocrx_word' id='word_1_223' title='bbox 607 2640 723 2689; x_wconf 91' lang='lat' dir='ltr'>eiusin</span> <span class='ocrx_word' id='word_1_224' title='bbox 740 2638 969 2689; x_wconf 89' lang='lat' dir='ltr'>neminemPal.</span> <span class='ocrx_word' id='word_1_225' title='bbox 985 2635 1101 2686; x_wconf 68' lang='lat' dir='ltr'>orati</span> <span class='ocrx_word' id='word_1_226' title='bbox 1121 2636 1230 2686; x_wconf 89' lang='lat' dir='ltr'>Gruteri.</span> 
     </span>
     <span class='ocr_line' id='line_1_26' title="bbox 121 2704 1230 2772; baseline 0.002 -18"><span class='ocrx_word' id='word_1_227' title='bbox 121 2705 176 2755; x_wconf 91' lang='lat' dir='ltr'>sed</span> <span class='ocrx_word' id='word_1_228' title='bbox 192 2720 292 2771; x_wconf 91' lang='lat' dir='ltr'>opera</span> <span class='ocrx_word' id='word_1_229' title='bbox 312 2707 366 2756; x_wconf 91' lang='lat' dir='ltr'>ait.</span> <span class='ocrx_word' id='word_1_230' title='bbox 388 2721 488 2772; x_wconf 90' lang='lat' dir='ltr'>opera</span> <span class='ocrx_word' id='word_1_231' title='bbox 506 2709 576 2758; x_wconf 88' lang='lat' dir='ltr'>eins</span> <span class='ocrx_word' id='word_1_232' title='bbox 590 2709 675 2758; x_wconf 89' lang='lat' dir='ltr'>enim</span> <span class='ocrx_word' id='word_1_233' title='bbox 689 2709 721 2757; x_wconf 92' lang='lat' dir='ltr'>in</span> <span class='ocrx_word' id='word_1_234' title='bbox 735 2709 892 2758; x_wconf 89' lang='lat' dir='ltr'>neminem</span> <span class='ocrx_word' id='word_1_235' title='bbox 907 2707 982 2756; x_wconf 76' lang='lat' dir='ltr'>Alex.</span> <span class='ocrx_word' id='word_1_236' title='bbox 999 2721 1023 2754; x_wconf 88' lang='grc' dir='ltr'>τ.</span> <span class='ocrx_word' id='word_1_237' title='bbox 1043 2704 1101 2755; x_wconf 90' lang='lat' dir='ltr'>sed</span> <span class='ocrx_word' id='word_1_238' title='bbox 1121 2721 1230 2770; x_wconf 90' lang='lat' dir='ltr'>opera.</span> 
     </span>
     <span class='ocr_line' id='line_1_27' title="bbox 121 2775 1232 2844; baseline 0.001 -20"><span class='ocrx_word' id='word_1_239' title='bbox 121 2775 202 2824; x_wconf 90' lang='lat' dir='ltr'>enim</span> <span class='ocrx_word' id='word_1_240' title='bbox 220 2777 265 2824; x_wconf 88' lang='lat' dir='ltr'>ait</span> <span class='ocrx_word' id='word_1_241' title='bbox 283 2777 469 2840; x_wconf 87' lang='lat' dir='ltr'>operaeius</span> <span class='ocrx_word' id='word_1_242' title='bbox 484 2778 641 2844; x_wconf 72' lang='lat' dir='ltr'>neminem</span> <span class='ocrx_word' id='word_1_243' title='bbox 654 2779 713 2827; x_wconf 92' lang='lat' dir='ltr'>Vat.</span> <span class='ocrx_word' id='word_1_244' title='bbox 727 2791 749 2826; x_wconf 85' lang='grc' dir='ltr'>ε.</span> <span class='ocrx_word' id='word_1_245' title='bbox 770 2777 825 2827; x_wconf 89' lang='lat' dir='ltr'>sed</span> <span class='ocrx_word' id='word_1_246' title='bbox 846 2791 985 2844; x_wconf 89' lang='lat' dir='ltr'>operam.</span> <span class='ocrx_word' id='word_1_247' title='bbox 1008 2775 1054 2824; x_wconf 88' lang='lat' dir='ltr'>ait</span> <span class='ocrx_word' id='word_1_248' title='bbox 1073 2775 1156 2824; x_wconf 90' lang='lat' dir='ltr'>enim</span> <span class='ocrx_word' id='word_1_249' title='bbox 1176 2791 1232 2825; x_wconf 90' lang='lat' dir='ltr'>ne-</span> 
     </span>
     <span class='ocr_line' id='line_1_28' title="bbox 121 2844 1233 2912; baseline 0.002 -20"><span class='ocrx_word' id='word_1_250' title='bbox 121 2845 231 2893; x_wconf 89' lang='lat' dir='ltr'>minem</span> <span class='ocrx_word' id='word_1_251' title='bbox 251 2844 465 2907; x_wconf 84' lang='lat' dir='ltr'>Pal2Gruteri,</span> <span class='ocrx_word' id='word_1_252' title='bbox 486 2845 539 2896; x_wconf 84' lang='lat' dir='ltr'>Col.</span> <span class='ocrx_word' id='word_1_253' title='bbox 566 2847 623 2896; x_wconf 91' lang='lat' dir='ltr'>sed</span> <span class='ocrx_word' id='word_1_254' title='bbox 641 2862 780 2912; x_wconf 89' lang='lat' dir='ltr'>operam.</span> <span class='ocrx_word' id='word_1_255' title='bbox 802 2847 850 2896; x_wconf 85' lang='lat' dir='ltr'>ait</span> <span class='ocrx_word' id='word_1_256' title='bbox 870 2861 967 2912; x_wconf 86' lang='lat' dir='ltr'>opera</span> <span class='ocrx_word' id='word_1_257' title='bbox 984 2845 1068 2894; x_wconf 89' lang='lat' dir='ltr'>enlm</span> <span class='ocrx_word' id='word_1_258' title='bbox 1089 2845 1160 2894; x_wconf 89' lang='lat' dir='ltr'>eins</span> <span class='ocrx_word' id='word_1_259' title='bbox 1176 2859 1233 2894; x_wconf 87' lang='lat' dir='ltr'>ne-</span> 
     </span>
     <span class='ocr_line' id='line_1_29' title="bbox 122 2913 1233 2981; baseline 0.001 -20"><span class='ocrx_word' id='word_1_260' title='bbox 122 2914 235 2962; x_wconf 90' lang='lat' dir='ltr'>minem</span> <span class='ocrx_word' id='word_1_261' title='bbox 247 2913 302 2962; x_wconf 90' lang='lat' dir='ltr'>Pal.</span> <span class='ocrx_word' id='word_1_262' title='bbox 318 2913 335 2962; x_wconf 81' lang='lat'>4</span> <span class='ocrx_word' id='word_1_263' title='bbox 352 2913 460 2965; x_wconf 89' lang='lat' dir='ltr'>Gruteri.</span> <span class='ocrx_word' id='word_1_264' title='bbox 481 2915 537 2965; x_wconf 88' lang='lat' dir='ltr'>aed</span> <span class='ocrx_word' id='word_1_265' title='bbox 556 2930 701 2980; x_wconf 87' lang='lat' dir='ltr'>operam,</span> <span class='ocrx_word' id='word_1_266' title='bbox 719 2917 764 2965; x_wconf 90' lang='lat' dir='ltr'>ait</span> <span class='ocrx_word' id='word_1_267' title='bbox 779 2915 972 2981; x_wconf 86' lang='lat' dir='ltr'>operaenim</span> <span class='ocrx_word' id='word_1_268' title='bbox 986 2915 1057 2964; x_wconf 89' lang='lat' dir='ltr'>eins</span> <span class='ocrx_word' id='word_1_269' title='bbox 1076 2913 1233 2964; x_wconf 90' lang='lat' dir='ltr'>neminem</span> 
     </span>
     <span class='ocr_line' id='line_1_30' title="bbox 123 2981 1233 3052; baseline 0.002 -23"><span class='ocrx_word' id='word_1_270' title='bbox 123 2981 233 3030; x_wconf 85' lang='lat' dir='ltr'>Ptnciani</span> <span class='ocrx_word' id='word_1_271' title='bbox 245 2991 318 3032; x_wconf 88' lang='lat' dir='ltr'>uetus</span> <span class='ocrx_word' id='word_1_272' title='bbox 335 2983 409 3033; x_wconf 89' lang='lat' dir='ltr'>lectio</span> <span class='ocrx_word' id='word_1_273' title='bbox 461 2983 625 3050; x_wconf 82' lang='lat' dir='ltr'>ScipIoni]</span> <span class='ocrx_word' id='word_1_274' title='bbox 642 2985 831 3052; x_wconf 87' lang='lat' dir='ltr'>Scipionem</span> <span class='ocrx_word' id='word_1_275' title='bbox 845 2985 934 3036; x_wconf 90' lang='lat' dir='ltr'>Bamb.</span> <span class='ocrx_word' id='word_1_276' title='bbox 952 2981 1035 3034; x_wconf 83' lang='lat' dir='ltr'>Gueli.</span> <span class='ocrx_word' id='word_1_277' title='bbox 1051 2981 1233 3033; x_wconf 66' lang='lat' dir='ltr'>Vrb.vPal.d</span> 
     </span>
     <span class='ocr_line' id='line_1_31' title="bbox 123 3049 1231 3118; baseline 0.001 -18"><span class='ocrx_word' id='word_1_278' title='bbox 123 3049 174 3100; x_wconf 88' lang='lat' dir='ltr'>Pal.</span> <span class='ocrx_word' id='word_1_279' title='bbox 193 3053 205 3100; x_wconf 94' lang='lat'>1</span> <span class='ocrx_word' id='word_1_280' title='bbox 220 3059 244 3101; x_wconf 92' lang='lat' dir='ltr'>et</span> <span class='ocrx_word' id='word_1_281' title='bbox 256 3054 274 3101; x_wconf 81' lang='lat'>4</span> <span class='ocrx_word' id='word_1_282' title='bbox 288 3051 396 3103; x_wconf 89' lang='lat' dir='ltr'>Gruteri.</span> <span class='ocrx_word' id='word_1_283' title='bbox 414 3055 446 3103; x_wconf 92' lang='lat' dir='ltr'>in</span> <span class='ocrx_word' id='word_1_284' title='bbox 464 3053 653 3118; x_wconf 87' lang='lat' dir='ltr'>Scipionem</span> <span class='ocrx_word' id='word_1_285' title='bbox 668 3055 722 3104; x_wconf 84' lang='lat' dir='ltr'>Pal.</span> <span class='ocrx_word' id='word_1_286' title='bbox 738 3057 754 3105; x_wconf 81' lang='lat'>2</span> <span class='ocrx_word' id='word_1_287' title='bbox 769 3054 882 3115; x_wconf 90' lang='lat' dir='ltr'>Gruteri‚</span> <span class='ocrx_word' id='word_1_288' title='bbox 904 3053 958 3104; x_wconf 80' lang='lat' dir='ltr'>Col.</span> <span class='ocrx_word' id='word_1_289' title='bbox 1015 3052 1072 3101; x_wconf 86' lang='lat' dir='ltr'>sed</span> <span class='ocrx_word' id='word_1_290' title='bbox 1088 3066 1231 3118; x_wconf 87' lang='lat' dir='ltr'>operam.</span> 
     </span>
     <span class='ocr_line' id='line_1_32' title="bbox 124 3121 1233 3188; baseline 0.001 -19"><span class='ocrx_word' id='word_1_291' title='bbox 124 3121 280 3170; x_wconf 88' lang='lat' dir='ltr'>neminem</span> <span class='ocrx_word' id='word_1_292' title='bbox 294 3125 377 3172; x_wconf 88' lang='lat' dir='ltr'>enim</span> <span class='ocrx_word' id='word_1_293' title='bbox 391 3138 495 3186; x_wconf 88' lang='lat' dir='ltr'>neque</span> <span class='ocrx_word' id='word_1_294' title='bbox 513 3125 617 3173; x_wconf 91' lang='lat' dir='ltr'>ciuem</span> <span class='ocrx_word' id='word_1_295' title='bbox 632 3139 736 3186; x_wconf 90' lang='lat' dir='ltr'>neque</span> <span class='ocrx_word' id='word_1_296' title='bbox 749 3124 874 3174; x_wconf 84' lang='lat' dir='ltr'>hostem</span> <span class='ocrx_word' id='word_1_297' title='bbox 888 3122 1038 3188; x_wconf 90' lang='lat' dir='ltr'>potuisse</span> <span class='ocrx_word' id='word_1_298' title='bbox 1057 3123 1087 3170; x_wconf 94' lang='lat' dir='ltr'>in</span> <span class='ocrx_word' id='word_1_299' title='bbox 1100 3121 1233 3186; x_wconf 91' lang='lat' dir='ltr'>Scipio-</span> 
     </span>
     <span class='ocr_line' id='line_1_33' title="bbox 124 3190 1230 3258; baseline 0.003 -20"><span class='ocrx_word' id='word_1_300' title='bbox 124 3204 187 3240; x_wconf 91' lang='lat' dir='ltr'>nem</span> <span class='ocrx_word' id='word_1_301' title='bbox 200 3190 341 3242; x_wconf 88' lang='lat' dir='ltr'>reddere</span> <span class='ocrx_word' id='word_1_302' title='bbox 352 3192 410 3242; x_wconf 88' lang='lat' dir='ltr'>Vat.</span> <span class='ocrx_word' id='word_1_303' title='bbox 425 3191 455 3256; x_wconf 72' lang='grc' dir='ltr'>χ)</span> <span class='ocrx_word' id='word_1_304' title='bbox 491 3192 580 3243; x_wconf 83' lang='lat' dir='ltr'>Cicero</span> <span class='ocrx_word' id='word_1_305' title='bbox 594 3192 626 3242; x_wconf 90' lang='lat' dir='ltr'>de</span> <span class='ocrx_word' id='word_1_306' title='bbox 639 3193 689 3258; x_wconf 83' lang='lat' dir='ltr'>leg.</span> <span class='ocrx_word' id='word_1_307' title='bbox 705 3194 783 3252; x_wconf 79' lang='lat'>1122,</span> <span class='ocrx_word' id='word_1_308' title='bbox 800 3194 833 3244; x_wconf 84' lang='lat'>57</span> <span class='ocrx_word' id='word_1_309' title='bbox 854 3192 979 3242; x_wconf 85' lang='lat' dir='ltr'>‘declarat</span> <span class='ocrx_word' id='word_1_310' title='bbox 999 3191 1068 3241; x_wconf 90' lang='lat' dir='ltr'>enim</span> <span class='ocrx_word' id='word_1_311' title='bbox 1081 3190 1178 3239; x_wconf 83' lang='lat' dir='ltr'>Ennius</span> <span class='ocrx_word' id='word_1_312' title='bbox 1197 3190 1230 3242; x_wconf 92' lang='lat' dir='ltr'>de</span> 
     </span>
     <span class='ocr_line' id='line_1_34' title="bbox 126 3259 1233 3327; baseline 0.001 -19"><span class='ocrx_word' id='word_1_313' title='bbox 126 3259 255 3308; x_wconf 82' lang='lat' dir='ltr'>Alricano:</span> <span class='ocrx_word' id='word_1_314' title='bbox 274 3260 317 3310; x_wconf 91' lang='lat' dir='ltr'>hic</span> <span class='ocrx_word' id='word_1_315' title='bbox 337 3270 376 3312; x_wconf 88' lang='lat' dir='ltr'>est</span> <span class='ocrx_word' id='word_1_316' title='bbox 397 3261 441 3312; x_wconf 89' lang='lat' dir='ltr'>ille</span> <span class='ocrx_word' id='word_1_317' title='bbox 459 3263 542 3312; x_wconf 66' lang='lat' dir='ltr'>situs)</span> <span class='ocrx_word' id='word_1_318' title='bbox 573 3263 644 3312; x_wconf 90' lang='lat' dir='ltr'>Hanc</span> <span class='ocrx_word' id='word_1_319' title='bbox 658 3263 810 3327; x_wconf 86' lang='lat' dir='ltr'>particulam</span> <span class='ocrx_word' id='word_1_320' title='bbox 825 3263 850 3311; x_wconf 95' lang='lat' dir='ltr'>in</span> <span class='ocrx_word' id='word_1_321' title='bbox 867 3276 945 3310; x_wconf 89' lang='lat' dir='ltr'>unum</span> <span class='ocrx_word' id='word_1_322' title='bbox 962 3259 1074 3326; x_wconf 85' lang='lat' dir='ltr'>elogium</span> <span class='ocrx_word' id='word_1_323' title='bbox 1087 3275 1144 3308; x_wconf 92' lang='lat' dir='ltr'>cum</span> <span class='ocrx_word' id='word_1_324' title='bbox 1157 3275 1233 3326; x_wconf 89' lang='lat' dir='ltr'>supe-</span> 
     </span>
     <span class='ocr_line' id='line_1_35' title="bbox 126 3326 1232 3396; baseline 0.002 -21"><span class='ocrx_word' id='word_1_325' title='bbox 126 3329 230 3378; x_wconf 88' lang='lat' dir='ltr'>rioribus</span> <span class='ocrx_word' id='word_1_326' title='bbox 245 3330 376 3380; x_wconf 87' lang='lat' dir='ltr'>coniunxit</span> <span class='ocrx_word' id='word_1_327' title='bbox 391 3331 428 3391; x_wconf 88' lang='lat' dir='ltr'>is,</span> <span class='ocrx_word' id='word_1_328' title='bbox 449 3347 524 3394; x_wconf 84' lang='lat' dir='ltr'>quern</span> <span class='ocrx_word' id='word_1_329' title='bbox 538 3331 661 3382; x_wconf 82' lang='lat' dir='ltr'>Columna</span> <span class='ocrx_word' id='word_1_330' title='bbox 675 3340 703 3381; x_wconf 89' lang='lat' dir='ltr'>ut</span> <span class='ocrx_word' id='word_1_331' title='bbox 717 3333 822 3396; x_wconf 87' lang='lat' dir='ltr'>saepius</span> <span class='ocrx_word' id='word_1_332' title='bbox 839 3329 1001 3388; x_wconf 86' lang='lat' dir='ltr'>dissimulat,</span> <span class='ocrx_word' id='word_1_333' title='bbox 1022 3326 1138 3394; x_wconf 75' lang='lat' dir='ltr'>Scaliger</span> <span class='ocrx_word' id='word_1_334' title='bbox 1151 3329 1232 3378; x_wconf 87' lang='lat' dir='ltr'>Catal.</span> 
     </span>
     <span class='ocr_line' id='line_1_36' title="bbox 127 3398 1234 3466; baseline -0.001 -19"><span class='ocrx_word' id='word_1_335' title='bbox 127 3411 151 3461; x_wconf 87' lang='lat' dir='ltr'>p.</span> <span class='ocrx_word' id='word_1_336' title='bbox 167 3399 212 3447; x_wconf 83' lang='lat'>187</span> <span class='ocrx_word' id='word_1_337' title='bbox 284 3399 320 3447; x_wconf 93' lang='lat' dir='ltr'>III</span> <span class='ocrx_word' id='word_1_338' title='bbox 345 3401 433 3450; x_wconf 83' lang='lat' dir='ltr'>Cicero</span> <span class='ocrx_word' id='word_1_339' title='bbox 446 3402 522 3450; x_wconf 88' lang='lat' dir='ltr'>Tuse.</span> <span class='ocrx_word' id='word_1_340' title='bbox 543 3400 611 3466; x_wconf 89' lang='lat' dir='ltr'>disp.</span> <span class='ocrx_word' id='word_1_341' title='bbox 632 3403 656 3451; x_wconf 93' lang='lat' dir='ltr'>V</span> <span class='ocrx_word' id='word_1_342' title='bbox 677 3401 718 3461; x_wconf 87' lang='grc'>17,</span> <span class='ocrx_word' id='word_1_343' title='bbox 739 3399 774 3451; x_wconf 84' lang='grc'>49</span> <span class='ocrx_word' id='word_1_344' title='bbox 797 3401 836 3450; x_wconf 83' lang='lat' dir='ltr'>‘et</span> <span class='ocrx_word' id='word_1_345' title='bbox 853 3407 891 3450; x_wconf 87' lang='lat' dir='ltr'>est</span> <span class='ocrx_word' id='word_1_346' title='bbox 908 3400 935 3448; x_wconf 92' lang='lat' dir='ltr'>in</span> <span class='ocrx_word' id='word_1_347' title='bbox 954 3398 1040 3462; x_wconf 90' lang='lat' dir='ltr'>aliqua</span> <span class='ocrx_word' id='word_1_348' title='bbox 1058 3399 1112 3446; x_wconf 90' lang='lat' dir='ltr'>uita</span> <span class='ocrx_word' id='word_1_349' title='bbox 1131 3398 1234 3464; x_wconf 91' lang='lat' dir='ltr'>praedi-</span> 
     </span>
     <span class='ocr_line' id='line_1_37' title="bbox 128 3466 1234 3536; baseline 0.001 -22"><span class='ocrx_word' id='word_1_350' title='bbox 128 3466 203 3516; x_wconf 88' lang='lat' dir='ltr'>cabile</span> <span class='ocrx_word' id='word_1_351' title='bbox 217 3467 316 3529; x_wconf 89' lang='lat' dir='ltr'>aliquid</span> <span class='ocrx_word' id='word_1_352' title='bbox 334 3477 358 3517; x_wconf 91' lang='lat' dir='ltr'>et</span> <span class='ocrx_word' id='word_1_353' title='bbox 371 3469 532 3534; x_wconf 85' lang='lat' dir='ltr'>gloriandum</span> <span class='ocrx_word' id='word_1_354' title='bbox 552 3485 581 3519; x_wconf 89' lang='lat' dir='ltr'>ac</span> <span class='ocrx_word' id='word_1_355' title='bbox 594 3485 657 3536; x_wconf 91' lang='lat' dir='ltr'>prae</span> <span class='ocrx_word' id='word_1_356' title='bbox 675 3487 703 3520; x_wconf 90' lang='lat' dir='ltr'>se</span> <span class='ocrx_word' id='word_1_357' title='bbox 719 3469 869 3529; x_wconf 80' lang='lat' dir='ltr'>ferendum,</span> <span class='ocrx_word' id='word_1_358' title='bbox 889 3476 917 3518; x_wconf 88' lang='lat' dir='ltr'>ut</span> <span class='ocrx_word' id='word_1_359' title='bbox 931 3467 1124 3533; x_wconf 84' lang='lat' dir='ltr'>Epaminondas</span> <span class='ocrx_word' id='word_1_360' title='bbox 1206 3476 1234 3516; x_wconf 91' lang='lat' dir='ltr'>ut</span> 
     </span>
     <span class='ocr_line' id='line_1_38' title="bbox 129 3534 1233 3604; baseline 0.001 -19"><span class='ocrx_word' id='word_1_361' title='bbox 129 3535 270 3586; x_wconf 75' lang='lat' dir='ltr'>tiricanus:</span> <span class='ocrx_word' id='word_1_362' title='bbox 291 3535 327 3600; x_wconf 81' lang='lat' dir='ltr'>[t.</span> <span class='ocrx_word' id='word_1_363' title='bbox 345 3536 392 3601; x_wconf 85' lang='lat'>8].¹</span> <span class='ocrx_word' id='word_1_364' title='bbox 421 3539 586 3588; x_wconf 84' lang='lat' dir='ltr'>Mamertinus</span> <span class='ocrx_word' id='word_1_365' title='bbox 606 3539 722 3590; x_wconf 82' lang='lat' dir='ltr'>Genethl.</span> <span class='ocrx_word' id='word_1_366' title='bbox 746 3556 768 3588; x_wconf 87' lang='lat' dir='ltr'>c.</span> <span class='ocrx_word' id='word_1_367' title='bbox 784 3539 817 3590; x_wconf 86' lang='lat' dir='ltr'>lo</span> <span class='ocrx_word' id='word_1_368' title='bbox 837 3540 877 3604; x_wconf 92' lang='lat' dir='ltr'>(p.</span> <span class='ocrx_word' id='word_1_369' title='bbox 894 3539 944 3588; x_wconf 77' lang='lat'>155</span> <span class='ocrx_word' id='word_1_370' title='bbox 966 3534 1103 3600; x_wconf 77' lang='lat' dir='ltr'>Arntzen.)</span> <span class='ocrx_word' id='word_1_371' title='bbox 1125 3537 1233 3586; x_wconf 87' lang='lat' dir='ltr'>‘etenim</span> 
     </span>
    </p>
   </div>
   <div class='ocr_carea' id='block_1_7' title="bbox 130 3705 1237 4371">
    <p class='ocr_par' dir='ltr' id='par_1_7' title="bbox 130 3705 1237 4371">
     <span class='ocr_line' id='line_1_39' title="bbox 166 3705 1233 3788; baseline -0.006 -20"><span class='ocrx_word' id='word_1_372' title='bbox 166 3715 181 3768; x_wconf 89' lang='grc'>6</span> <span class='ocrx_word' id='word_1_373' title='bbox 202 3710 289 3788; x_wconf 80' lang='lat' dir='ltr'>qnipit</span> <span class='ocrx_word' id='word_1_374' title='bbox 311 3709 372 3764; x_wconf 84' lang='lat' dir='ltr'>Vct.</span> <span class='ocrx_word' id='word_1_375' title='bbox 394 3709 411 3778; x_wconf 82' lang='grc' dir='ltr'><strong><em>ζ</em></strong></span> <span class='ocrx_word' id='word_1_376' title='bbox 430 3729 453 3782; x_wconf 81' lang='grc' dir='ltr'><strong><em>φ</em></strong></span> <span class='ocrx_word' id='word_1_377' title='bbox 472 3711 500 3764; x_wconf 82' lang='lat' dir='ltr'>in</span> <span class='ocrx_word' id='word_1_378' title='bbox 524 3727 587 3781; x_wconf 54' lang='grc' dir='ltr'>ηιμ</span> <span class='ocrx_word' id='word_1_379' title='bbox 607 3711 773 3782; x_wconf 73' lang='lat' dir='ltr'>Stephanus.</span> <span class='ocrx_word' id='word_1_380' title='bbox 795 3712 841 3780; x_wconf 91' lang='lat' dir='ltr'>qui</span> <span class='ocrx_word' id='word_1_381' title='bbox 865 3712 924 3764; x_wconf 93' lang='lat' dir='ltr'>uult</span> <span class='ocrx_word' id='word_1_382' title='bbox 944 3708 1008 3763; x_wconf 80' lang='lat' dir='ltr'>libri</span> <span class='ocrx_word' id='word_1_383' title='bbox 1026 3709 1112 3762; x_wconf 79' lang='lat' dir='ltr'>ceteri</span> <span class='ocrx_word' id='word_1_384' title='bbox 1130 3705 1233 3763; x_wconf 68' lang='lat' dir='ltr'>omnes.</span> 
     </span>
     <span class='ocr_line' id='line_1_40' title="bbox 130 3793 1234 3866; baseline -0.002 -19"><span class='ocrx_word' id='word_1_385' title='bbox 130 3794 206 3864; x_wconf 87' lang='lat' dir='ltr'>quibit</span> <span class='ocrx_word' id='word_1_386' title='bbox 221 3793 380 3857; x_wconf 69' lang='lat' dir='ltr'>Pincianus,</span> <span class='ocrx_word' id='word_1_387' title='bbox 397 3794 522 3865; x_wconf 81' lang='lat' dir='ltr'>Scotiper</span> <span class='ocrx_word' id='word_1_388' title='bbox 606 3797 740 3865; x_wconf 85' lang='lat' dir='ltr'>protectis</span> <span class='ocrx_word' id='word_1_389' title='bbox 757 3794 847 3866; x_wconf 75' lang='lat' dir='ltr'>Gucts.</span> <span class='ocrx_word' id='word_1_390' title='bbox 859 3801 886 3848; x_wconf 87' lang='lat' dir='ltr'>et</span> <span class='ocrx_word' id='word_1_391' title='bbox 900 3795 965 3864; x_wconf 87' lang='lat' dir='ltr'>(pro</span> <span class='ocrx_word' id='word_1_392' title='bbox 981 3793 1060 3846; x_wconf 86' lang='lat' dir='ltr'>lactis</span> <span class='ocrx_word' id='word_1_393' title='bbox 1075 3795 1234 3862; x_wconf 85' lang='lat' dir='ltr'>superscr.)</span> 
     </span>
     <span class='ocr_line' id='line_1_41' title="bbox 133 3875 1234 3950; baseline -0.003 -18"><span class='ocrx_word' id='word_1_394' title='bbox 133 3878 219 3932; x_wconf 82' lang='lat' dir='ltr'>Bamb.</span> <span class='ocrx_word' id='word_1_395' title='bbox 306 3878 426 3933; x_wconf 88' lang='lat' dir='ltr'>reddere</span> <span class='ocrx_word' id='word_1_396' title='bbox 441 3879 504 3949; x_wconf 91' lang='lat' dir='ltr'>opis</span> <span class='ocrx_word' id='word_1_397' title='bbox 519 3879 650 3949; x_wconf 90' lang='lat' dir='ltr'>pretium]</span> <span class='ocrx_word' id='word_1_398' title='bbox 673 3879 793 3935; x_wconf 88' lang='lat' dir='ltr'>reddere</span> <span class='ocrx_word' id='word_1_399' title='bbox 816 3877 1055 3950; x_wconf 88' lang='lat' dir='ltr'>operaepretium</span> <span class='ocrx_word' id='word_1_400' title='bbox 1074 3875 1137 3930; x_wconf 80' lang='lat' dir='ltr'>libri</span> <span class='ocrx_word' id='word_1_401' title='bbox 1149 3877 1234 3946; x_wconf 82' lang='lat' dir='ltr'>pleri·</span> 
     </span>
     <span class='ocr_line' id='line_1_42' title="bbox 131 3960 1235 4034; baseline -0.003 -18"><span class='ocrx_word' id='word_1_402' title='bbox 131 3977 185 4033; x_wconf 83' lang='lat' dir='ltr'>que.</span> <span class='ocrx_word' id='word_1_403' title='bbox 205 3978 308 4032; x_wconf 90' lang='lat' dir='ltr'>operae</span> <span class='ocrx_word' id='word_1_404' title='bbox 325 3962 445 4017; x_wconf 87' lang='lat' dir='ltr'>reddere</span> <span class='ocrx_word' id='word_1_405' title='bbox 466 3964 587 4034; x_wconf 92' lang='lat' dir='ltr'>pretium</span> <span class='ocrx_word' id='word_1_406' title='bbox 603 3963 692 4018; x_wconf 77' lang='lat' dir='ltr'>Balad</span> <span class='ocrx_word' id='word_1_407' title='bbox 709 3981 738 4019; x_wconf 83' lang='lat' dir='ltr'>a.</span> <span class='ocrx_word' id='word_1_408' title='bbox 755 3963 876 4018; x_wconf 90' lang='lat' dir='ltr'>reddere</span> <span class='ocrx_word' id='word_1_409' title='bbox 900 3976 1003 4032; x_wconf 87' lang='lat' dir='ltr'>operae</span> <span class='ocrx_word' id='word_1_410' title='bbox 1021 3960 1164 4031; x_wconf 89' lang='lat' dir='ltr'>praecium</span> <span class='ocrx_word' id='word_1_411' title='bbox 1182 3965 1235 4014; x_wconf 86' lang='lat' dir='ltr'>Ar-</span> 
     </span>
     <span class='ocr_line' id='line_1_43' title="bbox 131 4045 1234 4118; baseline -0.002 -18"><span class='ocrx_word' id='word_1_412' title='bbox 131 4054 193 4117; x_wconf 79' lang='lat' dir='ltr'>pent.</span> <span class='ocrx_word' id='word_1_413' title='bbox 208 4065 236 4101; x_wconf 86' lang='lat' dir='ltr'>a.</span> <span class='ocrx_word' id='word_1_414' title='bbox 252 4045 373 4101; x_wconf 87' lang='lat' dir='ltr'>reddere</span> <span class='ocrx_word' id='word_1_415' title='bbox 393 4062 479 4117; x_wconf 89' lang='lat' dir='ltr'>oprae</span> <span class='ocrx_word' id='word_1_416' title='bbox 495 4049 612 4117; x_wconf 87' lang='lat' dir='ltr'>pretium</span> <span class='ocrx_word' id='word_1_417' title='bbox 629 4047 740 4118; x_wconf 75' lang='lat' dir='ltr'>Lipse&#39;us</span> <span class='ocrx_word' id='word_1_418' title='bbox 756 4053 782 4102; x_wconf 86' lang='lat' dir='ltr'>et</span> <span class='ocrx_word' id='word_1_419' title='bbox 795 4049 853 4102; x_wconf 82' lang='lat' dir='ltr'>ulii.</span> <span class='ocrx_word' id='word_1_420' title='bbox 869 4046 908 4118; x_wconf 75' lang='lat' dir='ltr'>cs.</span> <span class='ocrx_word' id='word_1_421' title='bbox 922 4060 1013 4114; x_wconf 85' lang='lat' dir='ltr'>supro</span> <span class='ocrx_word' id='word_1_422' title='bbox 1100 4047 1116 4102; x_wconf 91' lang='grc'><strong>7</strong></span> <span class='ocrx_word' id='word_1_423' title='bbox 1136 4047 1234 4114; x_wconf 91' lang='lat' dir='ltr'>supra]</span> 
     </span>
     <span class='ocr_line' id='line_1_44' title="bbox 134 4125 1235 4200; baseline -0.002 -16"><span class='ocrx_word' id='word_1_424' title='bbox 134 4129 249 4200; x_wconf 86' lang='lat' dir='ltr'>adusque</span> <span class='ocrx_word' id='word_1_425' title='bbox 263 4130 448 4186; x_wconf 74' lang='lat' dir='ltr'>Mamertinae</span> <span class='ocrx_word' id='word_1_426' title='bbox 534 4129 689 4187; x_wconf 84' lang='lat' dir='ltr'>Maeotides</span> <span class='ocrx_word' id='word_1_427' title='bbox 713 4138 770 4186; x_wconf 85' lang='lat' dir='ltr'>tres</span> <span class='ocrx_word' id='word_1_428' title='bbox 793 4130 883 4186; x_wconf 67' lang='lat' dir='ltr'>Oecon-</span> <span class='ocrx_word' id='word_1_429' title='bbox 903 4125 1064 4184; x_wconf 88' lang='lat' dir='ltr'>Maeotidas</span> <span class='ocrx_word' id='word_1_430' title='bbox 1085 4127 1148 4181; x_wconf 82' lang='lat' dir='ltr'>edd.</span> <span class='ocrx_word' id='word_1_431' title='bbox 1169 4129 1235 4199; x_wconf 80' lang='lat' dir='ltr'>aliq.</span> 
     </span>
     <span class='ocr_line' id='line_1_45' title="bbox 133 4211 1235 4286; baseline -0.003 -18"><span class='ocrx_word' id='word_1_432' title='bbox 133 4219 227 4268; x_wconf 81' lang='lat' dir='ltr'>ueteres</span> <span class='ocrx_word' id='word_1_433' title='bbox 311 4219 392 4274; x_wconf 80' lang='lat' dir='ltr'>erne</span> <span class='ocrx_word' id='word_1_434' title='bbox 416 4213 937 4286; x_wconf 71' lang='lat' dir='ltr'>om.nep.1³nt.sec0a0n.arqae</span> <span class='ocrx_word' id='word_1_435' title='bbox 956 4211 1020 4266; x_wconf 78' lang='lat' dir='ltr'>libri</span> <span class='ocrx_word' id='word_1_436' title='bbox 1102 4212 1235 4282; x_wconf 84' lang='lat' dir='ltr'>aequipe-</span> 
     </span>
     <span class='ocr_line' id='line_1_46' title="bbox 135 4295 1237 4371; baseline 0.002 -21"><span class='ocrx_word' id='word_1_437' title='bbox 135 4313 187 4350; x_wconf 87' lang='lat' dir='ltr'>rare</span> <span class='ocrx_word' id='word_1_438' title='bbox 206 4297 281 4352; x_wconf 81' lang='lat' dir='ltr'>Pr&#39;tlt.</span> <span class='ocrx_word' id='word_1_439' title='bbox 301 4301 468 4370; x_wconf 81' lang='lat' dir='ltr'>equiparare</span> <span class='ocrx_word' id='word_1_440' title='bbox 486 4299 556 4371; x_wconf 74' lang='lat' dir='ltr'>Req.</span> <span class='ocrx_word' id='word_1_441' title='bbox 641 4303 660 4358; x_wconf 80' lang='lat'><strong>9</strong></span> <span class='ocrx_word' id='word_1_442' title='bbox 681 4300 705 4354; x_wconf 89' lang='lat' dir='ltr'>si</span> <span class='ocrx_word' id='word_1_443' title='bbox 722 4301 765 4354; x_wconf 86' lang='lat' dir='ltr'>las</span> <span class='ocrx_word' id='word_1_444' title='bbox 785 4298 860 4354; x_wconf 86' lang='lat' dir='ltr'>endo</span> <span class='ocrx_word' id='word_1_445' title='bbox 875 4300 975 4369; x_wconf 81' lang='lat' dir='ltr'>plagas</span> <span class='ocrx_word' id='word_1_446' title='bbox 995 4295 1149 4350; x_wconf 88' lang='lat' dir='ltr'>coelestum</span> <span class='ocrx_word' id='word_1_447' title='bbox 1164 4311 1237 4352; x_wconf 80' lang='lat' dir='ltr'>unus</span> 
     </span>
    </p>
   </div>
   <div class='ocr_carea' id='block_1_8' title="bbox 960 4390 1028 4455">
    <p class='ocr_par' dir='ltr' id='par_1_8' title="bbox 960 4390 1028 4455">
     <span class='ocr_line' id='line_1_47' title="bbox 960 4390 1028 4455; baseline -0.029 0"><span class='ocrx_word' id='word_1_448' title='bbox 960 4390 1028 4455; x_wconf 75' lang='lat' dir='ltr'>ll*</span> 
     </span>
    </p>
   </div>
   <div class='ocr_carea' id='block_1_9' title="bbox 0 0 1540 5048">
    <p class='ocr_par' dir='ltr' id='par_1_9' title="bbox 0 0 1540 5048">
     <span class='ocr_line' id='line_1_48' title="bbox 0 0 1540 5048; baseline 0 0"><span class='ocrx_word' id='word_1_449' title='bbox 0 0 1540 5048; x_wconf 95' lang='lat' dir='ltr'> </span> 
     </span>
    </p>
   </div>
  </div>
 </body>
</html>
