3112 5040
609 443 848 514 nnnmvmn

707 611 755 680 Vl

342 789 351 805 .
405 736 539 805 ansatas
557 715 688 802 milium
710 730 752 800 de
769 729 915 800 turribus
968 783 976 799 .
1030 783 1038 800 .

702 867 762 936 Vll

281 988 378 1073 Quod
399 1009 459 1078 per
477 1003 651 1056 amoenam
669 987 783 1056 urbem
805 985 870 1054 leni
892 986 964 1055 fluit
986 987 1118 1080 agmine
1135 988 1268 1058 flumen.

614 1286 776 1369 mnne
809 1239 851 1369 u

725 1494 739 1563 Ι

285 1614 367 1699 Quis
388 1613 475 1705 polis
497 1613 643 1705 ingentis
660 1633 738 1682 oras
756 1610 913 1683 euoluere
931 1609 1031 1681 belli?

723 1748 751 1816 11

285 1869 369 1938 Tum
386 1890 461 1938 cum
477 1869 577 1939 eorde
594 1890 657 1939 suo
677 1867 789 1938 diuum
811 1878 905 1958 pater
924 1871 1023 1961 elque
1044 1865 1211 1936 hominum
1234 1887 1295 1934 rex

197 1980 256 2042 180
283 1970 412 2040 Effatur

699 2072 742 2141 111
754 2071 771 2109 *

285 2241 669 2260 .......
723 2194 839 2262 eontra
861 2189 1046 2259 cerinnnles

286 2292 401 2363 Verba
424 2291 517 2384 [atra]
539 2297 638 2385 alque
661 2295 806 2364 obscena
826 2294 987 2386 profatus.

184 2491 209 2556 (1
223 2507 250 2557 p.
261 2492 311 2541 411
322 2489 368 2556 11.)
386 2491 464 2558 (mis
473 2489 568 2554 ereo)
588 2495 653 2555 ‘quo
667 2493 835 2542 uetustissimi
850 2500 909 2542 sunt
922 2492 977 2550 usi,
997 2498 1025 2540 ut
1039 2505 1118 2555 supra
1132 2490 1228 2540 dietum
1242 2498 1296 2539 est:

184 2561 281 2610 Ennius
291 2563 317 2610 in
327 2563 350 2610 V
361 2561 492 2610 annalium
504 2597 510 2609 .
577 2561 738 2626 (analium
751 2560 843 2626 Bern.)
913 2561 949 2609 Vl
967 2559 1100 2624 Noniusp.
1110 2559 1211 2619 556,th
1227 2562 1298 2608 ‘en-

185 2639 295 2690 satae‚
330 2631 500 2680 inculamentu
528 2645 585 2679 eum
610 2631 688 2679 unsis.
725 2632 822 2681 Ennius
846 2631 891 2679 lib.
911 2631 934 2679 V
956 2631 1010 2678 ...'
1083 2629 1131 2678 Vll
1154 2629 1298 2677 Macrobius

185 2699 239 2748 Set.
254 2700 289 2748 Vl
303 2701 320 2748 4
335 2715 361 2764 p.
378 2698 429 2751 519
446 2700 503 2748 lun.
528 2703 659 2764 ‘agmen
678 2715 725 2764 pro
747 2709 804 2749 notu
827 2709 851 2750 et
866 2701 942 2749 ducln
962 2699 1072 2761 quodum
1087 2713 1182 2763 ponere
1197 2713 1246 2746 uon
1260 2699 1298 2746 in-

186 2768 290 2834 elegans
304 2777 355 2826 est,
375 2775 416 2816 ut:
436 2767 487 2816 leni
501 2768 556 2816 iluit
569 2769 671 2834 agmine
685 2770 804 2834 Thybris.
826 2769 902 2836 [Aen.
916 2767 1014 2834 11782]
1034 2770 1113 2817 immo
1129 2775 1153 2816 et
1167 2769 1299 2830 antiquum

186 2846 233 2886 est.
262 2838 359 2887 Ennius
376 2839 443 2885 enim
458 2838 484 2886 in
498 2839 585 2899 quinto
598 2839 647 2886 eit:
667 2840 749 2901 quod'
769 2856 791 2890 e.
807 2856 831 2902 q.
847 2856 868 2889 s.
892 2837 1043 2903 (quinto,
1062 2852 1112 2886 om.
1129 2839 1175 2898 in,
1203 2835 1297 2886 salisb.

187 2906 255 2955 Med.
270 2905 372 2971 Angliu.
389 2903 461 2970 Pur.)

221 3008 309 3058 LIBER
322 3009 357 3056 VI
394 3009 405 3056 1
424 3007 594 3067 Quintilianus
607 3009 644 3058 Vi
658 3008 684 3070 3,
697 3009 732 3060 86
746 3010 935 3060 ‘dissimulauit
949 3009 1052 3069 Cicero,
1069 3025 1126 3060 oum
1139 3010 1200 3060 Sex.
1214 3010 1300 3059 Annu-

187 3077 220 3126 lis
240 3079 313 3128 testis
334 3092 406 3126 reum
425 3078 543 3128 laesisset
562 3086 587 3128 et
607 3080 712 3134 instaret
730 3080 870 3130 identidem
889 3087 1022 3129 aecusator
1040 3081 1077 3128 ei:
1111 3080 1152 3129 dio
1171 3079 1204 3128 11.
1221 3078 1299 3138 Tulli,

187 3147 311 3210 numquid
328 3155 401 3212 potes
425 3149 457 3198 de
470 3147 549 3197 Sexto
563 3149 674 3197 Annali?
699 3164 789 3198 uersus
807 3151 875 3198 enim
894 3150 979 3199 dicere
998 3150 1088 3212 coepit
1099 3149 1131 3198 de
1146 3148 1211 3196 libro
1224 3149 1301 3198 Ennii

187 3217 273 3266 annuli
285 3224 358 3266 sexto
374 3219 431 3266 ...'
459 3217 603 3267 Macrobius
616 3217 670 3267 Sul.
684 3219 720 3267 VI
736 3219 749 3267 1
765 3234 792 3283 p.
806 3219 858 3270 500
867 3219 924 3268 lan.
946 3222 985 3267 ‘et
997 3232 1097 3266 mecum
1111 3218 1227 3282 ingentes
1243 3231 1300 3266 orus

188 3287 299 3336 euoluite
316 3286 388 3336 belli.
411 3285 486 3351 [Aen.
500 3287 536 3335 IX
546 3285 608 3352 528]
633 3287 730 3336 Ennius
751 3289 777 3337 in
798 3295 871 3337 sexto
889 3289 941 3336 ...¹
974 3286 1112 3336 Diomedes
1132 3287 1143 3334 1
1163 3301 1189 3351 p.
1205 3285 1254 3336 381
1271 3287 1299 3335 Ρ.

189 3356 293 3420 ‘potis
314 3364 352 3405 est
364 3371 411 3420 pro
428 3363 527 3421 potest,
554 3364 582 3405 ut
596 3356 665 3421 apud
678 3358 800 3407 Ennium:
824 3357 895 3420 quis'
923 3373 945 3405 e.
963 3372 987 3418 q.
1003 3371 1024 3404 s.
1061 3355 1167 3404 Seruius
1187 3357 1213 3405 in
1235 3357 1299 3404 Aen.

188 3424 292 3474 1x1528
312 3428 386 3473 ‘orus
400 3425 512 3474 euoluite
525 3425 602 3474 belli:
622 3425 671 3474 hoo
685 3435 724 3476 est
737 3428 848 3492 ingentis
861 3426 932 3475 beili.
962 3432 1063 3475 narrate
1077 3440 1128 3474 non
1141 3432 1239 3474 tentum
1253 3426 1301 3474 ini-

189 3494 240 3551 tia,
260 3492 307 3542 sed
321 3494 397 3541 etium
411 3501 524 3543 extreme
536 3494 671 3544 bellorum.
705 3495 770 3546 Nem
785 3511 844 3546 orne
858 3504 916 3544 sunt
936 3495 1117 3544 extremitates.
1152 3497 1197 3544 Est
1217 3504 1301 3544 autem

190 3561 346 3609 Ennianum:
367 3563 426 3622 qui’
442 3577 464 3610 e.
481 3578 506 3623 q.
521 3577 543 3610 s.
615 3564 638 3610 11
658 3564 802 3614 Macrobius
816 3565 870 3615 Sat.
884 3566 919 3614 VI
934 3563 946 3612 l
963 3579 989 3628 ρ.
1001 3563 1118 3614 4981111.
1137 3565 1302 3613 ‘concilium-

191 3643 240 3691 que
253 3638 327 3678 uoaet
342 3629 430 3678 diuum
443 3639 516 3694 peter
529 3638 604 3693 utque
618 3631 750 3681 hominum
761 3649 816 3682 rex.
839 3633 914 3697 [Aen.
926 3632 951 3682 X
960 3631 987 3696 2]
1006 3630 1103 3683 Ennius
1118 3635 1145 3682 in
1156 3643 1230 3683 sexto
1246 3634 1301 3682 ...’

226 3698 262 3746 111
295 3697 401 3748 Seruius
421 3699 447 3747 in
468 3699 532 3747 Aen.
553 3700 614 3749 Vlli
636 3699 685 3750 361
716 3701 788 3751 ‘alii’
817 3702 873 3767 (so.
895 3701 983 3751 dieunt
1004 3701 1124 3767 narinus)
1151 3703 1233 3765 ‘quod
1250 3702 1301 3751 ibi’

191 3889 327 3986 miseiiml
340 3911 430 3968 Bern.
541 3916 592 3974 176
611 3913 708 3970 hastas
724 3915 790 3970 add.
806 3916 936 3973 Columna
1042 3915 1094 3973 177
1112 3913 1229 3982 flumen]
1245 3911 1305 3968 iiuit

193 3996 291 4053 Salisio.
313 3995 388 4050 Med.
409 4013 445 4050 m.
462 4015 513 4070 pr.
619 4001 671 4058 178
698 4001 745 4070 qni
764 4001 844 4056 Flor.
859 4000 963 4056 Pana
983 4001 1076 4056 Turio.
1094 3998 1184 4070 Guelf.
1207 3998 1304 4071 Camp.

192 4081 366 4149 Quintiliani,
386 4079 486 4137 Solito.
505 4081 651 4152 Macrobii,
675 4082 790 4140 Seruius
876 4087 1075 4140 orareuoluere
1091 4083 1162 4138 Por.
1178 4100 1206 4138 a.
1221 4101 1304 4139 orase

193 4168 309 4221 uolnere
330 4165 400 4219 Par.
424 4167 440 4220 l
460 4167 608 4222 Diomedis.
630 4184 733 4240 causas
755 4170 888 4225 euoluere
915 4169 1098 4236 Quintilianus
1183 4169 1304 4241 ingentis

194 4265 259 4304 oras
276 4251 354 4317 belli]
371 4249 410 4320 cf.
426 4250 624 4307 Lueltmonnus
638 4252 677 4307 ad
690 4252 775 4308 Luar.
792 4253 843 4310 IV
854 4259 906 4312 142
1012 4257 1064 4313 179
1084 4260 1148 4308 luno
1165 4255 1255 4326 Neap.

237 4341 288 4394 182
309 4342 368 4390 atra
383 4352 436 4390 om.
449 4335 567 4392 Seruius
652 4343 679 4390 el
692 4344 790 4392 contra
801 4341 931 4394 aurinans
947 4340 1033 4394 uerba
1052 4346 1134 4410 atque
1153 4339 1306 4395 Salmasius
