3070 5032
589 455 830 526 RELIQVIAE
1025 485 1030 494 ·
1204 451 1265 517 181

657 619 766 694 XLVI

255 738 381 810 Plinius
403 741 475 810 Nat.
502 740 586 810 Hist.
608 737 704 810 XVII
728 748 757 824 8,
782 749 822 812 84
850 743 900 810 ‘et
922 741 1049 812 Ennius
1069 740 1264 834 antiquissi-

148 865 226 912 mus
245 845 339 912 uates
358 843 539 914 obsidionis
556 846 675 914 samem
696 843 885 934 exprimens
908 846 1034 916 ollam
1053 844 1265 938 eripuisse

150 944 422 1037 plorantibus
443 947 593 1018 liberis
617 950 761 1038 patres
781 949 1035 1022 commemorat:

645 1082 769 1153 XLVII

256 1198 370 1271 Cicero
392 1199 433 1269 de
456 1223 491 1270 re
513 1223 544 1290 p.
566 1200 579 1271 l
601 1209 631 1286 2,
652 1211 671 1272 3
704 1201 820 1271 ‘urbes
844 1223 983 1294 magnas
1012 1204 1111 1295 atque
1135 1201 1262 1294 inpe-

148 1303 305 1388 mosas,
328 1305 365 1372 ut
379 1303 530 1394 'adpellat
550 1304 692 1390 Ennius,
715 1304 834 1374 uiculis
851 1307 885 1374 et
904 1305 1048 1376 castellis
1066 1307 1262 1396 praeferen-

148 1406 211 1476 das
228 1406 329 1498 puto?
359 1407 482 1476 urbes
503 1428 673 1499 magnas
691 1412 817 1501 atque
835 1406 1078 1500 imperiosas
1096 1413 1263 1503 tamquam
1339 1477 1342 1481 .

148 1508 332 1580 hexametri
349 1531 471 1580 uersus
493 1510 684 1602 particulam
702 1511 809 1582 Ennio
830 1508 974 1582 Orellius
996 1512 1109 1583 tribuit

252 1761 407 1832 Lucanus
428 1760 577 1834 Pharsal.
596 1764 629 1833 X
651 1773 713 1835 249
742 1767 920 1834 ‘commeat
941 1764 1003 1835 hac
1023 1765 1154 1855 penitus
1176 1763 1262 1835 taci-

149 1865 192 1935 tis
217 1865 428 1938 discursibus
446 1865 535 1936 unda
554 1866 693 1960 Frigore
719 1869 760 1937 ab
783 1869 908 1939 Arctoo
936 1867 1078 1940 medium
1105 1875 1262 1938 reuocata

150 1969 212 2038 sub
236 1991 350 2053 axem,
374 1967 456 2038 Cum
471 1967 627 2040 Phoebus
645 1970 767 2062 pressit
782 1972 916 2041 llleroiin
936 1970 1102 2064 tellusque
1124 1974 1261 2061 perusta

150 2071 230 2141 llluc
252 2070 346 2141 duxit
365 2070 490 2164 aquas’
531 2072 641 2144 Schol.
661 2074 695 2143 in
715 2074 746 2142 b.
765 2073 786 2143 l.
810 2081 948 2167 ‘aquasz
978 2073 1136 2143 Ennius
1159 2073 1261 2143 haec

152 2175 197 2244 de
220 2174 313 2243 Nilo
337 2173 411 2259 ait,
446 2175 555 2267 quod
580 2199 651 2270 per
680 2181 885 2246 aestatem
907 2177 972 2246 sol
1000 2178 1048 2246 ab
1072 2176 1259 2246 inferio-

149 2277 264 2347 ribus
285 2299 427 2371 aquam
452 2297 580 2368 supra
602 2283 793 2366 reuocet,
822 2284 862 2350 et
884 2279 980 2350 hinc
1000 2301 1048 2349 co
1072 2282 1260 2371 tempore

148 2380 270 2451 Nilus
293 2380 524 2451 increscat:

259 2505 270 2516 ·
649 2483 757 2553 XLlX

251 2596 390 2669 Seruius
409 2597 442 2666 in
457 2598 542 2667 Aen.
561 2597 651 2668 1741
681 2605 778 2670 ‘sane
793 2599 889 2678 Atlas
905 2597 1067 2668 Graecum
1089 2599 1150 2682 est,
1175 2595 1260 2666 sicut

149 2706 181 2772 et
198 2701 307 2771 Nilus:
330 2723 405 2770 nam
426 2700 553 2770 Ennius
574 2699 650 2771 dicit
668 2703 800 2773 Nilum
815 2701 1017 2772 ltlclonem
1039 2699 1168 2783 uocari,
1191 2699 1259 2768 At-

148 2805 268 2874 lantem
295 2815 377 2874 uelo
406 2804 638 2874 Telamonem?
682 2805 731 2876 Cf.
753 2805 878 2876 Paulus
905 2804 994 2874 Festi
1020 2826 1052 2894 p.
1076 2813 1095 2871 7
1117 2801 1159 2870 M.
1188 2800 1260 2870 ‘al-

148 2907 229 2977 cedo
253 2907 421 2977 dicebatur
441 2907 482 2976 ab
502 2907 644 2999 antiquis
666 2931 728 2999 pro
748 2910 898 3000 alcyone,
927 2910 964 2977 ut
984 2929 1045 2998 pro
1066 2904 1259 2996 Ganymede

149 3010 344 3094 Catamitus,
382 3031 443 3100 pro
469 3009 561 3080 Nilo
587 3010 713 3082 Melo!
762 3013 850 3082 ldem
876 3035 907 3102 p.
928 3019 967 3082 18
989 3011 1031 3080 M.
1060 3009 1258 3078 ‘Alumento

147 3135 208 3205 pro
235 3112 460 3184 Laumedonte
490 3135 511 3182 a
544 3114 713 3184 ueteribus
744 3115 903 3186 Romanis
940 3113 1079 3182 necdum
1113 3109 1258 3181 assuetis

149 3217 292 3287 Graecae
306 3217 442 3308 linguae
455 3213 576 3286 dictum
590 3220 650 3286 est.
688 3217 744 3287 Sic
757 3218 860 3288 Melo
879 3238 953 3307 pro
970 3215 1081 3299 Nilo,
1109 3212 1258 3284 Catami-

149 3325 201 3389 tus
221 3342 282 3411 pro
300 3319 494 3411 Ganymede
581 3319 770 3391 dicebatur!
815 3321 902 3392 Idem
926 3342 958 3409 p.
980 3319 1040 3388 1'24
1062 3318 1104 3387 M.
1133 3315 1257 3385 ‘ltlelo

148 3424 277 3494 nomine
300 3423 364 3493 alio
388 3421 481 3492 Nilus
504 3422 663 3494 uocatur.’

684 3556 712 3626 L

248 3673 374 3742 Paulus
404 3670 493 3741 Festi
528 3682 607 3762 pl
640 3672 681 3740 Μ.
723 3672 957 3741 ‘ambactos
995 3670 1082 3762 apud
1116 3667 1258 3738 Ennium

150 3777 266 3868 lingua
299 3774 426 3845 Gallica
464 3796 583 3844 seruus
619 3773 822 3866 appellatur!
876 3773 986 3846 Gloss.
1021 3772 1122 3843 Labb.
1160 3776 1260 3841 ‘am-

148 3881 315 3965 bactuS,
342 3879 483 3963 δοῦλος·
494 3869 676 3968 μισθωτὸς
698 3869 747 3964 ὥς
761 3869 926 3964 ’Forma'

678 4013 720 4084 Ll

244 4133 365 4203 Festus
393 4156 424 4223 p.
452 4141 511 4203 153
536 4131 578 4201 M.
613 4133 716 4201 ‘meta
738 4183 857 4201 .......
881 4153 920 4200 ca
942 4152 963 4199 a
985 4126 1112 4198 cariore
1139 4175 1257 4195 .......

149 4287 242 4306 ......
266 4240 467 4327 peruentura
576 4235 666 4328 quod
828 4233 938 4304 dicare
959 4231 1005 4302 ait
1023 4229 1150 4302 Ennius
1173 4280 1199 4298 ..
1221 4227 1256 4297 id

150 4341 198 4409 est
220 4391 447 4412 .............
466 4337 568 4410 meta’
590 4359 619 4408 e.
639 4359 670 4430 q.
689 4358 717 4408 s.
