2984 5032
572 449 802 507 ΕΝΝΙΑΝᾹΕ
1123 462 1240 510 XXXIII

131 613 226 674 ioeurn
249 612 438 675 habueritis
459 613 561 691 XLVI,
582 632 752 693 quamquam
768 632 876 675 uereor
893 624 923 676 ut
950 617 978 674 iu
1003 614 1127 676 similem
1147 615 1240 678 Hora·

130 721 226 779 tianae
250 723 422 781 senteutiam
443 719 519 798 apud
542 718 664 780 Ennium
686 720 756 781 luno
780 724 918 783 orauerit.
963 721 1072 783 Infesta
1096 723 1171 782 eninr
1188 740 1237 782 au-

128 826 247 903 tiquitus
269 824 405 886 Romanis
428 825 483 886 dea
502 827 621 887 iram¹iu
642 829 774 889 seeundo
795 827 909 888 demum
932 826 1013 887 helio
1034 827 1143 886 Puuioo
1164 828 1237 888 deli·

126 932 207 991 uiuit.
241 929 286 992 Gi.
309 931 429 993 Seruius
459 934 487 993 in
510 932 720 995 Aen.1281r
755 939 951 996 taruennico
980 938 1115 1009 secundo,
1143 945 1173 994 ut
1200 941 1241 994 eit

126 1040 247 1108 Ennius,
282 1045 396 1114 placato
426 1044 499 1100 Iuno
530 1046 652 1117 eoeperit
673 1043 777 1116 fouere
808 1044 942 1101 Romanis
970 1036 1054 1116 (vlit
1085 1039 1121 1099 fr.
1153 1037 1235 1119 XV).

127 1142 202 1218 Quid
225 1147 313 1224 igitur
332 1155 391 1207 tum
410 1146 529 1224 incipiat
550 1146 663 1220 fauere,
683 1155 758 1223 quae
776 1145 831 1206 inm
852 1154 920 1206 ente
938 1145 1075 1206 Romanis
1099 1155 1129 1206 ut
1152 1147 1237 1223 regui

125 1251 198 1311 fines
221 1252 278 1312 late
309 1253 476 1332 proferrent
500 1247 704 1312 concesserit?
727 1251 786 1311 Sed
810 1251 905 1312 Seruii
939 1250 1010 1312 iliud
1041 1252 1235 1312 testimonium

125 1375 189 1417 oum
212 1359 361 1421 eouieram
382 1376 447 1419 euru
466 1358 558 1419 altera
578 1375 656 1435 quae
679 1357 774 1418 eidem
794 1356 918 1418 debetur
940 1359 1079 1418 memoria
1103 1359 1131 1418 iu
1157 1357 1233 1418 Aen.

121 1461 137 1520 1
163 1463 220 1524 20:
247 1473 276 1525 ιἰι
298 1471 389 1526 Ennio
415 1472 486 1526 enim
510 1469 650 1526 inducitur
679 1467 807 1540 Iuppiter
825 1469 989 1538 promittens
1017 1467 1153 1524 Romame
1183 1483 1234 1524 ecc-

123 1573 224 1629 oidium
258 1564 433 1647 Carttapinis
465 1568 548 1648 (vtn
578 1569 614 1629 tr.
644 1567 747 1650 XIV),
784 1570 812 1628 in
847 1576 954 1628 ootuuo
989 1581 1107 1647 quoque
1140 1569 1235 1630 annali

123 1675 148 1732 si
159 1693 217 1736 nou
229 1677 346 1756 plenum
359 1693 530 1736 consessum
544 1675 676 1752 deorum,
693 1685 722 1735 at
737 1692 889 1736 sermones
902 1674 1002 1735 Ionem
1018 1676 1094 1736 iuter
1106 1685 1136 1737 et
1149 1675 1233 1738 Iuno·

123 1799 189 1840 uem
217 1782 346 1844 describi
374 1766 526 1842 eonioiam.
572 1781 670 1855 Quare
697 1781 830 1858 dubium,
863 1801 899 1843 au
926 1791 1010 1842 recte
1041 1799 1158 1844 nemum
1187 1801 1233 1842 re-

121 1891 232 1961 spoudit
251 1890 323 1948 Iuno
346 1891 482 1949 Saturnio
507 1899 605 1948 saneto
627 1895 743 1950 deorum
767 1885 889 1967 (XLVI)
911 1889 939 1948 in
960 1887 1081 1966 primam
1101 1888 1234 1950 annalem

121 1990 276 2050 intulerim.
332 1991 392 2053 Sed
420 1992 477 2053 hoo
504 1992 657 2054 ieuideuse
685 2003 739 2054 est.
790 1992 864 2053 lilud
893 1995 1059 2073 quaeritur,
1090 1996 1135 2054 oui
1164 1993 1232 2054 loeo

122 2097 246 2156 maxime
270 2107 354 2176 aptus
376 2099 413 2157 sit
435 2101 501 2174 iste,
526 2117 612 2178 quern
630 2100 697 2160 huie
721 2098 798 2160 libro
817 2097 1006 2176 niudioamus,
1026 2098 1147 2160 deorum
1163 2115 1231 2160 oon·

121 2219 233 2261 sessus.
268 2202 299 2263 iu
323 2221 379 2284 qua
401 2223 434 2264 re
452 2206 476 2263 si
494 2203 642 2266 Horatium
664 2205 810 2282 sequeris,
833 2220 891 2264 uon
910 2202 1055 2264 dubitabis
1078 2206 1147 2284 quin
1165 2215 1231 2266 ante

120 2309 214 2386 ipsum
233 2307 342 2371 obitum
363 2308 492 2386 Romuli,
519 2326 578 2369 uou
605 2319 673 2389 post
695 2319 833 2385 mortem,
855 2318 886 2369 ut
906 2310 1036 2370 editores
1066 2311 1231 2389 uoluerunt,

121 2413 303 2474 oonlooetur.
348 2416 408 2477 Sed
430 2415 527 2477 obstat
549 2414 669 2476 Ouidius
696 2414 767 2476 Met·
791 2413 860 2474 XIV
883 2413 963 2476 812:
1005 2427 1034 2476 to
1055 2421 1122 2476 mutii
1141 2424 1231 2478 eoum-

120 2524 155 2579 lr'o
186 2525 325 2598 quondum
346 2534 498 2599 praesente
526 2527 640 2602 deorum
673 2527 760 2595 (Nam
788 2540 908 2591 memoro
947 2527 1113 2598 memorique
1140 2528 1231 2582 ouium
1335 2553 1337 2558 .

114 2631 167 2700 pio
193 2631 280 2686 uerba
301 2629 410 2708 notaui)
436 2620 532 2688 ‘Vnus
554 2632 606 2686 erit
635 2645 714 2702 quem
733 2637 763 2687 tu
784 2631 861 2687 tolles
885 2632 913 2686 tn
935 2633 1050 2686 eaeruto
1072 2631 1156 2686 coel?
1180 2631 1230 2689 Di-

119 2736 203 2790 oeisti:
245 2742 310 2792 ruto
343 2739 378 2792 sit
409 2736 557 2791 uerborum
590 2751 697 2791 summ
733 2743 840 2792 tuomum
871 2731 926 2810 (of.
961 2730 1040 2792 Fust.
1075 2730 1104 2791 ΙΙ
1139 2731 1229 2812 485).

120 2835 146 2896 Α
169 2854 227 2915 quo
250 2836 371 2898 Ennium
393 2838 514 2915 respici,
538 2838 602 2915 ipse
626 2855 683 2916 quo
709 2840 798 2899 utitur
826 2857 930 2898 uersus
953 2837 1100 2900 Ennianus
1131 2847 1229 2900 osten·

119 2941 170 3000 dit.
213 2941 286 3004 Nam
308 2942 467 3007 Ennianum
489 2959 557 3002 esse
583 2940 703 3004 Ouidius
724 2945 840 3022 quidem
862 2962 920 3005 nou
940 2945 1026 3020 dioit,
1058 2945 1112 3005 sed
1134 2944 1228 3006 Varro

118 3045 156 3106 de
173 3045 203 3104 t.
222 3045 252 3106 L.
268 3045 322 3106 Vll
335 3049 353 3108 6
366 3047 403 3107 Μ.
419 3051 473 3108 etsi
488 3066 546 3108 nou
559 3058 657 3108 monet
671 3058 786 3128 aperte,
801 3059 896 3111 temen
908 3052 1015 3112 indicet
1028 3067 1086 3109 non
1101 3049 1228 3110 obseure

119 3152 146 3211 ei
169 3153 217 3230 qui
238 3155 318 3213 nouit
340 3170 449 3213 morem
470 3153 621 3214 Varronis.
645 3153 685 3213 At
706 3163 800 3214 tarueu
818 3175 856 3216 ex
872 3155 976 3217 Ouidio
990 3156 1049 3215 rroii
1065 3154 1229 3232 conligere,

119 3259 211 3345 ipsum
232 3259 352 3319 deorum
377 3260 530 3321 oouoilium
555 3279 612 3320 uon
635 3261 759 3340 expandi
782 3261 997 3336 iuuenalibus,
1021 3261 1073 3321 sed
1106 3260 1227 3320 mentio·

118 3381 183 3424 nem
205 3373 313 3425 tantum
332 3364 418 3425 modo
439 3367 521 3443 quasi
542 3365 629 3426 habiti
647 3365 764 3425 oouoilii
791 3366 863 3426 fieri.
909 3363 1023 3426 Etenim
1052 3367 1168 3426 diuersa
1191 3363 1226 3424 uh

118 3469 269 3531 annalibus
288 3471 341 3531 fuit
364 3470 458 3531 Ouidii
480 3471 565 3546 ratio,
588 3472 637 3548 qui
661 3489 725 3530 oum
746 3488 795 3530 res
814 3470 951 3549 plurimas
975 3470 1061 3531 modo
1086 3472 1227 3549 perstrin-

118 3595 191 3653 gere
209 3577 347 3652 instituat,
372 3577 445 3636 soite
468 3577 618 3637 artiiioium
646 3576 716 3636 illud
739 3576 859 3636 effinxit.
892 3574 1000 3637 Contra
1018 3574 1149 3655 luppiter
1170 3574 1226 3634 Eu·

118 3683 219 3742 uianus
247 3683 319 3761 ipsis
355 3681 553 3743 adsidentibus
580 3681 624 3742 dis
651 3680 827 3758 genitalihus
855 3681 929 3742 haee
956 3681 1044 3740 uerba
1075 3701 1147 3741 unus
1177 3687 1230 3740 erit

117 3807 197 3863 quem
221 3800 250 3847 tu
274 3795 350 3848 totles
375 3795 404 3847 in
429 3794 544 3848 caerula
571 3793 642 3846 raeti
667 3793 767 3862 tempto
797 3787 961 3849 credendus
990 3796 1035 3847 est
1067 3785 1226 3846 extulisse:

118 3895 200 3954 euius
218 3896 343 3954 orationi
363 3913 427 3952 uum
451 3893 629 3972 praemissus
646 3891 733 3952 fuerit
751 3890 798 3952 hio
811 3909 930 3953 uersus:
953 3896 1052 3968 effodit
1064 3907 1147 3950 uoces
1154 3909 1226 3964 pro-

112 4006 179 4074 prio
203 4022 266 4061 cum
280 3988 393 4077 pectore
407 4013 503 4060 saneto
521 3999 593 4076 (ino.
616 3999 679 4059 sed.
696 3996 821 4077 LXIX),
844 4016 929 4077 quem
953 3996 1068 4076 quidem
1082 3993 1226 4073 praemitti

119 4107 251 4182 potuisse
275 4123 333 4166 non
356 4123 445 4183 nego,
467 4106 618 4164 insertum.
661 4104 758 4182 Atque
779 4102 830 4163 illo
849 4121 936 4162 uersu
957 4103 1099 4163 indicatur
1129 4100 1226 4173 etiam,

117 4229 203 4287 quem
226 4215 403 4290 quaerimus,
425 4211 508 4270 loeus
531 4211 658 4272 concilii.
692 4209 763 4268 Cum
781 4209 855 4269 euim
878 4224 934 4266 non
953 4209 992 4266 ita
1007 4206 1139 4268 instantis
1154 4214 1226 4265 tem·

118 4318 198 4392 poris
210 4317 296 4376 futuri
317 4317 450 4377 indicium
469 4317 625 4391 contineat,
647 4324 705 4374 tum
720 4316 757 4376 de
779 4314 856 4372 ‘uuo'
881 4313 959 4391 quod
971 4313 1051 4389 dreit,
1071 4313 1107 4376 de
1120 4311 1225 4386 altero,

158 4418 269 4478 Euurvs.
1043 4429 1060 4472 o
