3070 5032
243 401 305 467 172
402 381 405 386 ’
681 407 905 465 evannum

241 581 365 662 terras,
392 575 502 670 ibique
527 598 569 646 eo
593 573 626 646 in
652 578 763 646 monte
787 599 877 646 aram
904 581 992 648 creat
1012 576 1132 666 Caelo;
1163 577 1388 668 primusque

241 679 274 748 in
297 702 337 749 ea
356 703 413 749 ara
430 680 575 770 Iuppiter
592 679 807 768 sacrificauil;
838 681 929 752 tneo
951 681 1026 751 loco
1045 681 1212 772 suspexit
1243 679 1284 748 in
1304 699 1388 746 cae-

242 781 310 852 lum
332 783 422 874 quod
451 805 538 852 nune
562 804 625 853 nos
654 783 861 853 nominamus
889 785 999 877 [idque
1021 785 1110 877 quod
1132 805 1259 874 supra
1281 803 1390 850 mun-

184 895 225 956 35
243 886 320 955 dum
339 887 425 969 crat,
450 886 540 978 quod
558 885 671 956 aether
689 887 886 973 uocabatur,
911 889 952 958 de
969 887 1021 957 sui
1039 887 1092 956 aui
1108 887 1265 957 nomine
1288 884 1388 954 caelo
1465 876 1467 913 ²

242 1010 361 1058 nomen
379 987 522 1080 indidit],
545 987 643 1081 idque
662 989 807 1080 luppiter
825 991 914 1083 quod
937 990 1050 1060 aether
1071 991 1281 1060 uocabatur
1301 1009 1390 1078 pre·
1467 980 1468 1006 ¹

242 1113 321 1160 cans
344 1090 484 1182 primum
511 1092 637 1161 caelum
666 1092 861 1183 nominauit3
898 1115 1037 1187 eamque
1066 1094 1241 1178 hostiam,
1280 1112 1388 1184 quam

241 1194 283 1264 ibi
307 1195 467 1280 sacrauit,
491 1198 593 1264 totam
611 1195 789 1266 adoleuit’.

342 1433 409 1503 Vbi
420 1433 565 1526 Iuppiter
576 1433 728 1525 Neptuno
750 1329 921 1525 Ihlhllrium
939 1432 995 1502 dat
1012 1431 1121 1517 mariS,
1144 1431 1247 1501 utin
1274 1430 1385 1499 insu-

183 1545 223 1606 40
242 1537 282 1606 lis
307 1537 458 1608 omnibus
481 1540 514 1607 et
540 1560 625 1631 quae
645 1538 826 1607 seeundum
851 1557 940 1606 mare
964 1535 1039 1605 loca
1063 1539 1175 1605 essent
1200 1535 1382 1605 omnibus

242 1643 399 1734 regnaret

772 1742 818 1812 IX

342 1843 391 1913 Ea
414 1847 608 1935 tempestate
632 1844 777 1935 Iuppiter
798 1847 832 1914 in
861 1847 971 1914 monte
1001 1841 1146 1936 Olympo
1177 1842 1377 1912 maximam

240 1951 366 2038 partem
390 1947 479 2016 uitae
502 1948 631 2018 colebat
658 1952 690 2017 et
720 1971 760 2017 eo
788 1949 829 2017 ad
853 1969 929 2017 eum
955 1947 988 2015 in
1017 1947 1069 2016 ius
1096 1947 1305 2030 ueniebant,
1346 1943 1375 2012 si

241 2073 409 2142 quaeres
438 2052 471 2119 ln
495 2051 723 2120 controuersia
753 2055 855 2120 erant.
902 2050 981 2119 Item
1006 2050 1035 2119 si
1061 2050 1134 2142 quis
1165 2049 1247 2142 quid
1286 2045 1373 2116 noui

182 2167 222 2226 45
240 2154 426 2237 inuenerat,
461 2154 549 2245 quod
577 2153 619 2221 ad
647 2155 747 2222 ultam
779 2154 953 2224 humanam
981 2153 1060 2222 utile
1086 2155 1191 2237 esset,
1220 2175 1267 2222 eo
1301 2172 1372 2220 ue-

240 2257 350 2326 niebat
366 2260 465 2349 atque
483 2255 552 2325 Ioui
572 2256 775 2326 ostendebat.

342 2473 532 2544 Lactantius
546 2473 618 2542 Diu.
632 2474 708 2544 Inst.
725 2477 738 2548 I
753 2375 830 2548 cll3
853 2477 966 2544 ‘natos
979 2473 1040 2543 sibi
1055 2474 1141 2544 lilios
1156 2495 1223 2545 non
1239 2471 1366 2562 utique

241 2577 438 2661 deuorabat‚
473 2580 509 2645 ut
539 2578 648 2646 ferunt
683 2580 829 2665 fabulae,
868 2577 927 2646 sed
962 2565 1114 2661 necabat,
1154 2593 1364 2668 quamquam

212 2664 218 2683 ¹
240 2679 397 2770 scriptum
423 2679 515 2748 sitin
544 2680 720 2768 historia
741 2705 861 2753 sacra
882 2680 1059 2750 Saturnum
1081 2682 1113 2749 et
1132 2677 1236 2770 Opem
1259 2679 1361 2747 eete-

240 2805 364 2875 rosque
399 2786 477 2851 tunc
512 2782 662 2853 homines
691 2785 864 2856 humanam
896 2805 1026 2852 carnem
1061 2783 1178 2852 solitos
1213 2782 1359 2851 esitare:

240 2907 354 2954 uerum
382 2885 522 2974 primum
545 2886 657 2955 Iouem
676 2887 771 2980 leges
797 2887 983 2957 hominibus
1005 2907 1181 2976 moresque
1201 2885 1359 2954 conden-

239 2991 305 3058 tem
327 2987 433 3057 edicto
452 2987 676 3078 prohibuisse,
706 3014 746 3059 ne
765 2992 877 3062 liceret
896 3012 936 3058 eo
955 2989 1027 3058 cibo
1049 2989 1160 3057 uesci.'

273 3191 333 3239 VIII
349 3189 496 3239 Lactantius
506 3189 564 3238 Diu.
577 3191 660 3239 Insttl
671 3207 692 3240 c.
703 3191 730 3240 ll
749 3195 788 3244 ‘ni
799 3194 900 3251 mirum,
913 3197 1012 3240 ueteres
1022 3189 1144 3240 historiae
1155 3191 1253 3240 docent.
1279 3187 1356 3238 Anti-

240 3275 304 3327 quus
321 3267 408 3308 errator
423 3259 589 3319 Euhemerus,
607 3261 650 3323 qui
663 3259 711 3310 run
727 3277 758 3310 ex
774 3263 877 3312 ciuitate
891 3261 1015 3319 Messene,
1034 3275 1074 3308 res
1086 3268 1172 3325 gestas
1185 3259 1253 3309 louis
1271 3267 1297 3308 et
1313 3272 1354 3306 ce-

238 3337 349 3379 terorum
371 3329 414 3391 qui
437 3329 474 3377 dii
497 3336 617 3394 putantur
637 3329 740 3394 collegit
833 3331 898 3380 hanc
916 3329 1051 3379 historiam
1071 3337 1095 3378 el
1112 3331 1293 3394 interpretatus
1315 3331 1355 3376 est

239 3399 336 3448 Ennius
357 3405 381 3446 el
395 3405 512 3456 secutum
533 3399 605 3446 cuius
621 3398 684 3446 haec
698 3400 777 3448 uerba
797 3407 868 3449 sunt:
887 3399 955 3448 ubI'
976 3415 998 3448 e.
1015 3414 1039 3461 q.
1056 3414 1076 3446 s.
1149 3399 1185 3447 IX
1204 3397 1353 3447 Laclantius

238 3468 299 3517 Diu,
315 3469 376 3515 lust.
391 3467 402 3515 Ι
415 3483 437 3516 c.
456 3467 484 3516 ll
508 3467 548 3516 ‘in
562 3466 671 3531 Olympo
694 3474 778 3518 autem
791 3471 878 3520 Iouem
892 3469 1022 3518 habitasse
1038 3468 1112 3517 docel
1132 3468 1240 3517 historia
1260 3467 1352 3516 eedem

239 3577 451 3588 ...-.———-—

282 3648 316 3702 34
338 3643 413 3714 quod
430 3658 503 3697 nunc
526 3657 577 3696 nos
594 3643 769 3698 nominamus
785 3645 848 3700 libra¹
859 3644 996 3714 plerique.
1021 3643 1096 3713 quod
1118 3643 1275 3697 nommetur
1299 3628 1350 3696 οὖ-

239 3717 330 3802 ρανός
348 3729 409 3783 edd.
426 3729 491 3798 aliq.
585 3726 668 3782 Vocis
688 3729 799 3784 inducta
819 3746 874 3784 non
888 3729 968 3798 potui
985 3727 1052 3781 mibi
1064 3728 1240 3798 persuadere
1253 3732 1302 3780 aul
1316 3722 1351 3778 ab

237 3813 380 3868 Lactantio
403 3819 451 3868 aut
471 3811 506 3865 ab
525 3826 555 3865 eo
577 3827 656 3882 quem
678 3815 701 3866 is
726 3820 866 3868 auctorem
889 3813 1011 3882 sequitur
1027 3814 1169 3882 proximis
1186 3811 1349 3883 praeposita

132 3961 139 3970 ,
235 3897 333 3970 fuisse.
351 3897 378 3951 ln
395 3913 448 3967 quo
467 3897 527 3949 loco
545 3897 681 3966 suspexit,
698 3897 781 3966 idque
798 3897 872 3968 quod
889 3911 974 3966 supra
989 3895 1110 3950 mundus
1126 3901 1194 3962 erat,
1218 3894 1348 3967 quodque

239 3981 334 4036 aether
365 3983 518 4036 uocabatur
549 3995 670 4049 precans
697 3983 816 4051 prImum
844 3983 952 4036 caelum
980 3981 1133 4042 nominauit
1163 3980 1307 4036 ciaconius

280 4070 315 4123 35
330 4072 446 4120 uocatur
460 4065 541 4136 uulqo
626 4069 660 4123 39
684 4066 728 4120 ubi
750 4067 828 4121 ‘libri
840 4066 1037 4138 quamplurimi
1054 4069 1125 4119 inter
1139 4079 1207 4136 quos
1224 4068 1288 4119 sunl
1300 4078 1348 4118 ue·

237 4152 344 4204 terrimi
362 4155 388 4206 et
410 4151 520 4222 optimi.
546 4149 583 4204 ibi
604 4151 669 4220 aliq.
697 4152 759 4205 edd.
783 4157 809 4205 el
828 4151 905 4218 edm,
927 4165 980 4204 om.
997 4150 1149 4222 pleraeque
1173 4149 1234 4202 erla.
1322 4148 1348 4201 in

237 4235 338 4290 insulis
364 4251 418 4290 om.
434 4235 562 4305 plerique
581 4235 644 4289 libri
732 4239 768 4293 40
794 4234 950 4291 secundum
970 4235 1098 4305 plerique
1119 4239 1145 4288 el
1164 4233 1259 4304 optimi
1278 4231 1348 4286 libri.

240 4335 323 4374 secus
342 4319 404 4390 aliq.
420 4320 483 4373 edd.
503 4322 528 4372 et
542 4319 604 4373 edd.
