2984 5032
245 363 331 410 xxvr
415 319 417 327 '
643 350 954 422 ovansrtortns

245 522 308 582 nius
334 520 448 582 attona
476 537 492 582 a
522 517 642 580 Graecis
673 525 817 578 mutuatus
849 536 934 596 esse,
969 520 1035 582 uide
1058 519 1250 582 Niehuhriunr
1285 517 1370 578 Hist.

249 626 333 688 llom.
357 626 370 688 l
399 644 426 705 p.
449 624 507 686 25:
544 627 592 705 qui
619 624 695 703 quod
723 625 788 688 adn.
811 625 849 686 41
870 643 957 687 uersu
977 628 1029 689 illo
1052 625 1152 706 (XXl)
1166 629 1373 702 perhibebunt

246 733 306 810 legi
337 732 434 808 iubet,
465 748 522 790 non
553 731 710 792 adsentior.
766 733 927 795 Satnmiam
961 744 1056 796 autem
1088 743 1196 794 terram
1230 740 1271 792 ut
1306 731 1372 792 hoc

245 849 348 902 tenore
368 839 542 918 adpellatam
564 859 631 900 esse
652 839 805 920 probabile
830 850 886 916 est,
909 844 947 902 ita
969 841 1077 902 Ennius
1101 859 1159 920 qno
1181 842 1245 900 eius
1264 841 1370 900 norni-

246 948 290 1010 nis
312 948 453 1025 originem
475 948 597 1026 aperiat,
622 963 676 1026 per
698 948 823 1026 episodii
845 949 1033 1010 occasionem
1059 947 1173 1009 fabulas
1201 946 1371 1024 expromit

246 1055 362 1116 Saturni
385 1053 572 1132 Titanumque
604 1053 760 1114 certamina
784 1055 953 1134 perstringit
976 1054 1095 1135 (XXlV.
1112 1053 1205 1114 XXV.
1222 1051 1370 1130 XXVI).

247 1159 435 1222 Gonlldonter
452 1160 568 1240 loquor,
589 1179 758 1240 quamquam
779 1179 837 1222 non
856 1163 922 1242 plus
943 1171 1063 1242 praesto
1085 1180 1170 1241 qnam
1187 1160 1268 1222 hanc
1290 1176 1370 1239 pro-

246 1268 420 1330 babiliorem
437 1268 579 1328 rationem
598 1267 690 1328 uideri
712 1287 747 1328 ea
772 1287 828 1348 qua
847 1270 896 1331 alii
918 1268 974 1330 hos
996 1286 1101 1328 uersus
1130 1269 1369 1347 disposuerunt.

246 1376 432 1455 Inprobahile
454 1376 529 1436 enim
546 1375 613 1436 dieo
633 1376 682 1436 uel
703 1376 784 1453 illud,
808 1377 887 1456 quod
909 1360 1040 1450 Remum,
1063 1393 1128 1436 curn
1147 1374 1369 1436 urbismurum

247 1485 413 1561 transiliret,
436 1463 580 1561 llbergius
603 1484 785 1546 exclamasse
808 1486 835 1544 in
857 1485 933 1546 hunc
954 1482 1068 1544 modum
1096 1483 1253 1562 opinatur:
1286 1484 1367 1554 Iup-

241 1599 318 1669 piter
348 1601 378 1652 ot
405 1593 604 1666 mamfredo
629 1597 716 1668 magd
746 1597 864 1668 quamde
893 1611 992 1653 monos
1022 1597 1052 1652 ai
1083 1587 1233 1669 (XXVI).
1292 1584 1368 1646 Non

246 1699 339 1775 magis
354 1697 448 1776 probo
468 1696 545 1774 quud
566 1696 601 1756 tr.
625 1695 729 1758 XXIV.
751 1697 834 1758 XXV
860 1698 1025 1760 Euhemero
1049 1699 1111 1758 sine
1133 1710 1236 1754 sacrae
1259 1691 1365 1750 histo·

247 1806 308 1866 riae
330 1801 496 1862 llrahnerus
523 1803 559 1862 de
589 1801 685 1865 causis
708 1823 784 1866 corr.
808 1806 893 1884 relig.
915 1806 999 1866 Rom.
1027 1823 1055 1884 p.
1078 1803 1119 1862 46
1138 1799 1269 1860 ascribit.
1313 1795 1365 1858 Cf.

248 1909 416 1984 Bernhardy
435 1908 500 1969 hitt.
524 1908 607 1970 Rom.
630 1929 658 1990 p.
681 1911 751 1976 366.
788 1911 887 1973 Fidem
904 1912 1004 1972 lacere
1018 1913 1098 1972 uisus
1114 1918 1159 1969 est
1173 1908 1363 1981 Lactantius,

248 2018 297 2095 qui
319 2015 374 2076 din.
402 2017 467 2077 inst.
493 2015 506 2076 l
532 2033 558 2075 c.
592 2016 629 2078 14
659 2035 697 2076 ex
724 2035 760 2078 eo
789 2018 864 2080 lihro
892 2018 966 2080 haec
992 2026 1105 2080 narrat:
1140 2020 1238 2076 dende
1271 2019 1365 2075 Titan

242 2134 391 2199 postquam
425 2129 538 2184 resoluit
570 2127 690 2184 Saturno
719 2130 791 2200 [ilios
817 2137 981 2200 procreatos
1012 2135 1094 2202 atque
1130 2125 1258 2182 mutatam
1297 2137 1365 2180 esse

247 2236 333 2302 elom,
362 2234 466 2290 seducit
493 2248 586 2289 cecum
611 2236 683 2305 filios
715 2251 780 2292 caue
804 2238 852 2308 qui
877 2237 969 2293 Titani
996 2239 1147 2305 uocantur,
1176 2234 1365 2307 factamque

248 2357 328 2398 saum
357 2341 510 2398 Satrianum
539 2345 620 2414 atque
650 2341 735 2413 Opem
761 2344 966 2416 comprehendit
992 2356 1091 2414 eosque
1120 2359 1200 2400 muro
1230 2344 1361 2398 cirm—

249 2451 302 2520 eqit
326 2455 352 2504 et
383 2449 533 2504 cumdium
557 2447 600 2504 litu
628 2449 741 2520 adponit
767 2444 856 2523 (uun.
881 2445 947 2526 lV).
998 2443 1111 2522 Nempe
1132 2445 1265 2522 congmit
1290 2463 1361 2504 eum

251 2551 310 2610 illis
332 2550 369 2610 ir.
391 2548 484 2625 XXV,
510 2552 588 2630 quod
610 2552 673 2610 sine
693 2550 789 2612 indice
809 2553 874 2614 libri
896 2553 1006 2613 Nonius
1029 2570 1057 2631 p.
1082 2549 1155 2628 216,
1179 2550 1219 2612 29
1241 2553 1358 2626 citauit.

250 2657 289 2718 At
310 2676 345 2718 ea
369 2661 560 2734 congruentia
582 2675 639 2719 non
661 2660 777 2736 scilicit,
801 2670 841 2737 ut,
863 2664 888 2722 si
910 2661 987 2722 nulla
1004 2661 1061 2722 alia
1079 2679 1112 2720 re
1136 2660 1359 2722 commendatur

250 2767 445 2842 coniectura,
468 2767 496 2826 ei
520 2764 595 2826 lihro
617 2767 776 2826 inseramus
801 2767 1000 2845 fragmentum.
1041 2765 1133 2841 Quam
1158 2766 1246 2828 multa
1275 2768 1359 2828 enim

249 2872 358 2934 Ennius
388 2873 482 2952 potuit
508 2871 536 2930 in
566 2871 715 2933 annalibus
744 2873 792 2934 uel
823 2873 1020 2953 episodiorum
1045 2874 1167 2936 artificio
1195 2876 1356 2952 attingere,

251 2999 326 3059 quae
352 2981 467 3060 plenius
493 2989 542 3042 aut
570 2989 636 3040 ante
666 2989 841 3042 tractauerat
875 2988 923 3040 aut
950 2989 1122 3040 tractaturus
1149 2990 1212 3042 erat
1238 2984 1266 3041 in
1290 2981 1356 3044 alio

251 3088 336 3150 libro.
381 3087 426 3150 Ac
446 3107 549 3150 uersus
568 3096 615 3148 est
635 3087 712 3147 istud
734 3086 933 3165 fragmentum,
953 3103 1011 3146 non
1028 3089 1144 3166 integre
1156 3090 1271 3168 quidam
1288 3109 1354 3150 ser·

198 3271 207 3290 ο
251 3205 344 3272 uatus,
368 3195 420 3256 sed
441 3197 480 3258 ita
499 3205 530 3256 ut
552 3195 611 3256 leni
636 3196 792 3256 mutatione
814 3194 907 3255 bonus
929 3194 1101 3256 hexameter
1115 3206 1210 3256 excat.
1253 3196 1353 3258 Euhe-

250 3279 360 3366 merum
380 3318 470 3378 uero,
492 3310 521 3362 ut
544 3319 659 3363 carmen
676 3301 780 3377 luerit,
808 3302 907 3363 herois
927 3302 1060 3364 uersibus
1087 3311 1235 3364 exaratum
1258 3303 1354 3364 luisse

217 3461 218 3466 ,
253 3428 344 3488 aegre
372 3409 504 3469 euincas:
532 3408 583 3470 illo
606 3408 722 3488 quidem
744 3429 831 3470 uersu
854 3411 903 3488 qui
925 3418 1028 3486 caute,
1056 3427 1113 3470 non
1132 3417 1261 3485 temere,
1290 3428 1353 3470 rem

251 3492 340 3595 agere
365 3518 443 3596 cupit
465 3533 523 3575 non
544 3513 663 3577 debebit
685 3517 774 3576 inniti.
818 3516 916 3596 Atque
940 3515 1084 3595 llbergius
1104 3517 1133 3576 in
1158 3517 1230 3594 ipsis
1254 3515 1351 3577 lluhe-

251 3626 327 3688 meri
346 3624 475 3702 reliquiis
487 3621 644 3684 trochaeos
664 3623 711 3684 uel
727 3623 929 3684 trochaeorum
945 3622 1102 3702 particulas
1114 3623 1256 3702 detegere
1271 3625 1352 3686 uisus

252 3742 313 3794 est:
337 3730 433 3811 quode
454 3730 536 3809 plura
554 3731 646 3792 dicam
666 3731 750 3807 inira,
771 3750 835 3792 eum
857 3731 892 3792 ad
914 3729 990 3790 hunc
1012 3731 1173 3792 loeumerit
1187 3731 1350 3791 decentum.

251 3839 290 3900 At
319 3837 390 3900 illud
420 3837 570 3915 uitupero,
601 3837 678 3916 quod
706 3838 782 3898 idern
807 3836 914 3898 abusus
938 3836 1013 3898 hona
1042 3837 1211 3916 ceteroquin
1234 3837 1351 3898 coniec-

252 3933 316 4008 tura
355 3946 390 4007 fr.
423 3943 526 4021 XXV,
568 3962 626 4024 quo
664 3943 829 4006 Euhemero
864 3944 1046 4021 ascribatur,
1081 3944 1110 4004 in
1141 3953 1263 4006 metrum
1292 3953 1351 4005 tro·
1407 3953 1411 3959 '

253 4053 385 4115 chalcum
416 4051 571 4115 uiolentius
600 4053 755 4131 detorquet
787 4061 817 4112 et
848 4051 952 4114 eodem
982 4069 1119 4127 numeru,
1157 4069 1213 4112 non
1245 4053 1349 4126 heroo,

252 4179 338 4241 quem
367 4160 472 4238 recipit
497 4179 548 4222 sua
576 4170 681 4240 sponte
702 4161 881 4237 uersiculos,
909 4160 945 4221 fr.
967 4159 1063 4222 XXIV
1085 4160 1242 4222 dimetitur:
1273 4158 1349 4239 quod

254 4285 291 4331 eo
310 4267 473 4354 procliuius
495 4267 531 4328 ad
551 4269 668 4331 annales
691 4268 800 4346 refero,
823 4287 887 4332 curn
906 4286 1025 4344 uersus,
1047 4285 1132 4348 quem
1153 4281 1217 4326 cnm
1247 4265 1298 4328 illo
1320 4273 1350 4325 et
