2984 5032
573 419 803 476 ENNlANAE

306 581 404 664 ζῶντ’,
425 575 493 647 dtn’
516 577 617 660 ἕιαιὶζει
638 582 688 646 καὶ
708 589 787 646 ποιεῖ
804 575 906 663 ψυχὰν
925 583 1009 664 ἔχειν.

307 681 340 752 τὸ
361 685 393 749 δὲ
414 679 509 766 σοφὸν
530 680 550 748 o‘c
570 682 659 764 φύσις
678 679 741 748 τόδ’
763 680 844 746 οἶδεν
865 677 904 758 ὦς
924 685 981 766 ἔχει
1062 737 1070 758 ,

307 785 399 871 μόνα·
421 791 611 854 πεπαίδευται
631 783 688 870 γὰρ
710 777 856 861 αὐταύτας
875 780 944 852 dni.

143 920 262 994 Quare
284 933 347 978 oum
365 933 422 978 non
443 916 532 976 lacile
553 914 622 976 alibi
645 933 730 994 quam
749 915 778 974 in
799 915 971 992 cognomine
995 919 1121 978 carmine
1141 919 1247 998 proba·

144 1027 205 1088 bile
227 1029 263 1086 sit
278 1024 398 1086 Ennium
414 1021 505 1082 Siculi
525 1011 629 1082 u‘crsus
651 1039 686 1082 ac
709 1023 866 1082 sententias
888 1026 1086 1101 conuertisse,
1109 1025 1177 1088 huic
1195 1045 1246 1107 po·

144 1137 200 1195 iios
223 1133 339 1194 carmini
362 1147 447 1209 quarn
468 1127 611 1188 annalium
631 1127 802 1207 prohoemio
825 1146 928 1190 uersus
951 1127 1019 1189 illos
1043 1150 1106 1193 cum
1138 1136 1247 1196 ceteris

143 1241 242 1302 iubent
263 1239 373 1300 inferri.
411 1235 450 1312 At
465 1242 561 1295 tamen
576 1233 698 1296 Ennium
720 1237 749 1296 in
764 1252 800 1295 eo
819 1237 945 1298 carmine
961 1254 1018 1296 uon
1033 1239 1087 1299 nisi
1102 1240 1245 1320 interpre-

142 1357 199 1410 tem
227 1347 326 1424 egisse
349 1341 515 1422 Epicharmi
545 1341 632 1402 uelim
657 1343 777 1421 primum
802 1341 871 1403 mibi
893 1343 958 1404 aliis
984 1363 1068 1422 quam
1091 1347 1149 1408 illis
1172 1365 1248 1428 quos

142 1453 338 1534 supraposui
360 1448 480 1512 Graecis
508 1448 642 1510 uersibus
665 1449 798 1529 probari:
827 1450 930 1530 quibus
959 1453 1059 1512 mirum
1086 1463 1131 1518 est
1158 1472 1246 1534 qnos·

141 1563 207 1624 dam
240 1579 298 1622 uon
329 1557 438 1620 uidisse
470 1559 641 1618 sententiam
669 1559 811 1619 contineri
848 1575 969 1636 prorsus
1003 1560 1175 1620 contrariam
1207 1561 1247 1640 ei,

143 1689 228 1750 qnam
258 1685 331 1746 quos
361 1664 427 1726 inde
456 1671 608 1743 promptos
638 1665 739 1726 uolunt
766 1683 870 1725 uersus
891 1665 982 1727 Latini
1004 1667 1138 1728 indicant.
1182 1669 1247 1732 Neo

144 1777 192 1856 qui
214 1775 319 1836 bannis
335 1772 419 1834 Ennii
449 1769 521 1830 uelit
544 1767 664 1831 Graecis
690 1772 753 1832 istis
783 1771 957 1851 responderi
983 1772 1071 1834 babet
1096 1777 1244 1855 proiecto,

144 1899 203 1962 quo
221 1882 343 1943 maxime
362 1879 558 1941 coniecturam
569 1883 686 1936 tutetur.
710 1874 755 1936 (li.
772 1877 802 1938 b.
816 1877 991 1941 Schmidtius
1005 1879 1124 1955 Quaest.
1137 1883 1242 1964 Epicb.

138 2010 172 2070 p.
195 1989 236 2050 52
259 2007 303 2067 sq.
337 1987 397 2048 Sed
413 1994 477 2046 esto
501 1992 532 2045 ut
553 1983 596 2044 illi
614 1985 715 2046 uolunt
735 1987 913 2046 conuerterit
928 1984 1036 2048 Ennius
1051 1988 1245 2069 Epicharmos

142 2106 172 2159 et
198 2097 378 2158 conuerterit
405 2095 490 2154 etiam
511 2091 590 2152 illam
610 2110 686 2170 quae
709 2089 829 2153 Graecis
854 2091 953 2152 uerbis
976 2093 1087 2156 relicua
1109 2105 1154 2156 est
1179 2117 1245 2158 sen-

142 2205 276 2279 tentiam,
304 2201 369 2262 inde
393 2217 497 2262 uersus
522 2198 590 2260 illos
620 2198 805 2258 hexametros
835 2217 892 2259 non
919 2217 1104 2279 consequens
1130 2205 1186 2266 erit
1214 2215 1245 2267 ut

142 2309 318 2390 Epicharmo
337 2308 484 2370 attribuas.
524 2305 619 2366 Potuit
635 2307 710 2366 enim
725 2305 851 2382 Ennius,
875 2325 939 2368 oum
961 2307 989 2366 in
1013 2309 1154 2372 annalium
1175 2329 1243 2390 pro·

143 2421 258 2481 boemio
288 2427 317 2478 et
344 2413 558 2496 philosophiam
586 2414 742 2490 attingeret
770 2421 800 2472 et
827 2413 908 2474 illum
936 2413 1032 2504 locum
1059 2419 1107 2495 qni
1135 2427 1180 2479 est
1207 2420 1244 2482 de

143 2537 242 2588 natura
269 2527 439 2598 animarum,
480 2519 659 2582 commodam
685 2517 851 2597 Epicharmi
882 2523 1053 2582 sententiam
1085 2526 1244 2605 asciscere,

144 2653 228 2714 qnam
257 2642 361 2713 postea
387 2631 414 2688 in
443 2627 638 2706 Epicharmo,
672 2627 696 2684 si
724 2625 839 2704 quidem
862 2625 920 2690 boc
952 2647 1068 2690 carmen
1098 2635 1246 2710 posterius

144 2751 188 2802 est
207 2739 374 2813 annalibus,
398 2736 519 2815 propius
538 2730 649 2794 Graeca
667 2741 785 2794 secutus
807 2751 1001 2813 expressurus
1024 2747 1095 2816 erat.
1139 2739 1245 2817 Potuit,

143 2851 272 2928 inquam,
304 2845 427 2904 Ennius:
468 2843 553 2902 immo
589 2840 789 2900 commendant
820 2843 962 2904 rationem
995 2845 1137 2922 quaedam
1170 2863 1247 2925 quae

143 2953 230 3015 bodie
252 2960 351 3013 extant
376 2950 546 3028 fragmenta.
592 2946 685 3022 Quem
708 2949 783 3010 enim
804 2948 899 3010 Varro
925 2951 962 3011 de
987 2951 1019 3012 b.
1033 2951 1064 3012 b
1087 2950 1176 3013 vso
1204 2953 1243 3014 bl.

143 3060 269 3120 laudauit
305 3056 504 3118 hexametrum
542 3067 672 3131 terraque
712 3075 816 3130 corpus
849 3060 926 3128 Quae
961 3063 1033 3119 dedit
1074 3065 1136 3136 ipso
1171 3065 1247 3138 capet

142 3184 229 3242 neque
251 3169 380 3241 dispendi
396 3169 467 3242 facit
484 3169 568 3224 bitom
591 3161 710 3240 (xlii),
742 3162 769 3222 ei
789 3165 843 3224 nisi
865 3181 1047 3244 comparem,
1069 3176 1099 3227 at
1119 3168 1243 3229 similem

143 3273 314 3332 sententiam
343 3271 391 3332 hic
421 3288 524 3331 uersus
555 3273 683 3332 continet
711 3287 767 3346 eo,
809 3288 894 3349 quem
925 3273 1039 3334 unicum
1066 3273 1243 3354 Epicharmo

143 3379 336 3455 uindioamus,
372 3395 491 3440 numero
521 3377 672 3439 trochaico
705 3379 887 3458 conscriptus
918 3382 1002 3440 te'rris
1028 3384 1131 3455 perseia
1158 3385 1244 3440 muns

137 3492 250 3563 peperit
270 3489 296 3546 e't
318 3493 431 3549 emunit
448 3491 533 3546 diam
570 3482 689 3563 (Epieb.
706 3482 780 3564 tv).
807 3485 872 3546 Neo
888 3503 969 3563 sanc,
985 3489 1040 3548 nisi
1058 3487 1107 3566 qui
1122 3489 1242 3566 argutiis

142 3611 205 3654 rem
228 3595 298 3670 agit,
319 3593 414 3654 eidem
427 3603 578 3673 utrumque
593 3591 768 3671 Epicharmo
783 3593 890 3654 ascribi
904 3594 1056 3674 perstabit.
1091 3593 1242 3656 Rationum

142 3697 377 3779 probabilitatem
400 3701 425 3758 si
444 3701 593 3779 sequeris,
624 3697 699 3759 bunc
720 3699 913 3776 posteriorem
934 3701 1075 3762 suadente
1096 3709 1127 3760 et
1147 3709 1241 3760 metro

143 3815 173 3868 et
204 3823 292 3865 sensu
314 3804 507 3884 Epicharmo,
538 3804 659 3865 alterum
686 3804 835 3866 annalibus
858 3814 887 3867 et
909 3807 937 3868 ei
959 3809 1074 3886 quidem
1095 3809 1169 3886 parti
1191 3825 1240 3868 au·

142 3913 265 3994 nalium,
295 3931 351 3992 qua
371 3912 429 3972 hoo
452 3921 532 3973 certe
555 3911 691 3986 uicimus,
716 3911 834 3989 opinor,
860 3913 1037 3994 philosophe
1065 3915 1240 3976 disseruisse

143 4025 270 4097 potitam,
292 4019 434 4098 adpones.

227 4113 349 4187 Restant
366 4126 422 4188 duo
444 4127 481 4188 de
502 4125 624 4186 exordio
647 4143 761 4201 uersus,
784 4125 821 4185 de
842 4127 945 4205 quibus
964 4127 1042 4188 iuuat
1062 4124 1154 4186 uerbo
1179 4145 1240 4188 mo·

142 4253 224 4296 nere.
276 4233 350 4295 Huic
377 4235 452 4296 enim
479 4234 641 4311 fragmento
668 4249 739 4308 quoe
772 4251 845 4292 cauo
878 4251 997 4309 corpore
1020 4239 1147 4294 caeruleo
1178 4255 1239 4296 cor·
1269 4241 1274 4254 '

142 4349 199 4403 tine
223 4353 346 4421 receptat
373 4339 446 4421 (lli)
478 4340 581 4401 dudum
602 4342 631 4400 in
662 4339 781 4400 annales
809 4339 862 4400 scd
885 4357 986 4420 parum
1021 4341 1240 4403 commendabili
