2984 5032
568 449 797 506 ΕΝΝΙΑΝΑΕ
1129 463 1241 508 xxxix

132 616 241 692 ligitur,
266 616 320 673 iam
343 612 463 673 Ennium
487 615 524 674 de
545 615 669 676 Hersilia
692 618 720 674 iu
741 614 846 676 lloram
869 618 980 691 Quirini
1002 626 1174 677 commutata
1192 637 1240 678 ce·

133 722 256 780 ciuisse:
278 738 362 798 quam
378 740 438 781 rem
453 738 535 782 more
548 740 601 782 suo
622 722 783 782 inlustrauit
794 720 914 780 Ouidius
934 717 1003 780 llet.
1017 723 1085 784 XIV
1100 722 1161 785 829
1173 743 1239 805 sqq,

602 910 727 972 CAPVT
754 910 781 972 ΙΙ

217 1037 263 1098 De
285 1041 450 1100 secundo
474 1040 595 1100 anuali
619 1057 710 1117 pauca
728 1047 794 1098 suut
817 1056 891 1116 quae
915 1049 1021 1118 egeant
1043 1043 1239 1118 enarratione,

46 1187 54 1196 .
133 1163 198 1204 cum
220 1163 276 1204 uec
297 1145 404 1205 multae
423 1164 460 1206 ex
480 1146 535 1206 bac
557 1154 640 1224 parte
658 1163 714 1205 neo
737 1164 790 1206 eae
813 1146 876 1205 fere
892 1145 1081 1206 obscuriores
1097 1147 1239 1226 reliquiae

132 1253 305 1330 supersint.
339 1251 435 1310 'frium
458 1253 512 1330 qui
525 1251 676 1313 Romulum
700 1254 841 1330 deinceps
864 1253 956 1313 secuti
976 1264 1041 1314 sunt
1059 1273 1160 1333 regum
1180 1255 1239 1315 llo·

134 1374 281 1417 manorum
308 1366 392 1434 gesta
415 1360 613 1436 perhibentur.
659 1359 705 1420 Ac
723 1359 878 1434 Numam,
902 1376 987 1436 quem
1009 1377 1101 1437 aegre
1123 1364 1171 1439 qui
1193 1380 1238 1421 sa-

136 1466 176 1542 pit
198 1466 227 1524 iu
255 1465 375 1542 primurn
403 1462 535 1522 annalem
563 1467 713 1542 inferciat,
743 1483 827 1524 unum
855 1483 893 1524 ex
919 1465 985 1542 ipso
1013 1464 1088 1525 libro
1115 1467 1239 1528 adlatum

132 1571 325 1648 fragmentum
351 1567 422 1647 (tv)
445 1569 595 1648 designat,
625 1575 653 1632 in
676 1589 733 1650 quo
754 1573 842 1632 facile
867 1589 1032 1632 sermonem
1054 1571 1165 1634 Numae
1189 1593 1239 1653 ag·

132 1693 250 1752 nosces,
273 1675 322 1752 qui
341 1672 467 1734 salubria
489 1677 616 1738 instituta
643 1678 734 1738 noluit
762 1677 875 1738 aboleri
897 1688 965 1757 post
997 1678 1115 1739 obitum.
1158 1681 1240 1755 Quae

132 1783 278 1857 instituta,
301 1799 384 1841 sacra
412 1783 552 1858 maxime,
574 1785 751 1844 enumcrauit
770 1782 895 1860 Ennius,
919 1802 977 1844 uon
999 1785 1167 1864 explauauit
1191 1797 1240 1848 aut

133 1889 236 1948 colore
256 1888 380 1966 quodam
404 1888 522 1964 poetico
545 1906 644 1966 parum
666 1899 778 1966 gratam
805 1892 890 1968 poesi
917 1894 1067 1952 materiem
1095 1892 1239 1954 distinxit:

132 1996 276 2074 siquidem
300 1994 392 2054 tenuit
414 1994 442 2052 in
465 1994 582 2054 relicuis
603 2012 724 2072 morem,
748 2015 834 2076 quem
856 2001 1031 2076 superstites
1054 2017 1092 2057 ex
1111 1999 1168 2059 boc
1186 2019 1238 2078 ge·

133 2120 204 2162 uere
227 2119 329 2160 uersus
350 2099 401 2178 (ΙΙ.
426 2101 482 2180 ΙΙΙ)
512 2103 677 2162 ostendunt.
723 2102 788 2176 Quo
812 2102 971 2180 liberalius,
993 2113 1074 2183 puto,
1097 2125 1133 2165 ne
1156 2107 1239 2166 nimis

131 2226 221 2287 parce
248 2205 398 2267 uideretur
439 2206 548 2268 Numae
577 2210 743 2270 memoriam
773 2217 931 2285 tractasse,
960 2209 1088 2288 Egeriae
1116 2213 1241 2273 fabulam

132 2313 297 2372 contexuit:
327 2331 499 2391 quamquam
528 2333 601 2374 unus
633 2324 740 2375 tantum
768 2315 870 2392 etqui
896 2316 945 2374 uix
972 2319 1169 2378 coniecturam
1202 2319 1238 2378 de

131 2420 216 2480 Ennii
238 2420 403 2479 narratione
429 2421 564 2481 concedit
589 2422 710 2499 elegans
729 2421 893 2481 uersiculos
915 2430 1007 2482 restat
1029 2429 1076 2484 olli
1098 2430 1241 2500 respondit

131 2534 227 2588 suauis
248 2545 332 2587 sonos
352 2531 468 2604 Egeriai
486 2527 501 2600 l
516 2530 541 2606 ).

217 2631 282 2692 Nou
298 2632 396 2708 multa,
415 2632 467 2692 sed
483 2641 579 2692 tamen
597 2631 685 2710 paulo
701 2631 784 2710 plura
801 2631 837 2691 de
853 2631 952 2692 Tulli
966 2614 1123 2694 Hostilii
1146 2654 1239 2714 reguo

133 2741 169 2800 ad
191 2755 245 2798 nos
268 2747 482 2816 peruenerunt,
503 2754 625 2816 quorum
647 2737 790 2816 pleraque
813 2736 996 2818 (vt-xlii)
1016 2740 1051 2799 ad
1071 2741 1238 2818 trigemino·

133 2866 195 2906 rum
211 2845 366 2905 certamina
381 2843 537 2922 pertinent,
561 2861 653 2922 pauca
669 2846 705 2905 ad
723 2843 830 2904 Fufetii
844 2844 930 2903 dolos
952 2865 987 2906 ac
1005 2833 1129 2923 poenam
1144 2846 1237 2925 (xlv.

132 2953 196 3013 XV.
220 2950 297 3011 XVl.
319 2949 427 3029 XVll).
472 2948 517 3009 uo
538 2949 645 3010 Fufetii
673 2969 777 3011 nomeu
801 2949 858 3029 (V)
883 2953 961 3028 quod
984 2951 1085 3012 borum
1104 2973 1239 3015 uersuum

134 3077 239 3137 agmen
263 3057 371 3116 ducere
395 3055 482 3131 iussi,
507 3057 600 3134 potuit
627 3054 678 3115 ille
706 3057 763 3116 dux
791 3059 876 3117 etiam
906 3057 974 3118 alibi
1002 3060 1156 3136 nominari,
1186 3061 1239 3120 sed

133 3185 197 3226 cum
214 3166 323 3224 incerta
346 3163 433 3222 sedes
450 3163 498 3236 sit,
521 3161 607 3222 malui
627 3162 744 3240 plenum
766 3181 870 3222 nomeu
893 3165 920 3222 in
936 3166 1079 3243 principio
1099 3167 1238 3225 narratio·

132 3273 176 3330 nis
208 3269 323 3348 adponi.
368 3268 413 3328 De
449 3267 626 3346 singulorum
660 3270 834 3344 certamine,
865 3287 901 3328 ue
939 3279 1061 3348 pereant
1093 3269 1239 3347 legiones,

133 3375 245 3436 Merula
267 3375 339 3434 uidit
360 3373 517 3434 deliberari
538 3375 573 3433 fr.
597 3374 646 3434 Vl.
690 3375 821 3451 Horatio,
846 3376 873 3435 ei
891 3377 940 3453 qui
963 3377 1114 3436 uictoriam
1136 3395 1239 3456 repor-

132 3491 184 3559 tat,
207 3477 309 3541 relicui
331 3489 444 3558 septem
466 3470 552 3539 dicati
574 3490 639 3540 suut
661 3481 766 3559 singuli
783 3501 897 3558 uersus,
921 3499 1043 3561 quorum
1064 3501 1169 3543 nexum
1205 3503 1240 3546 ac

124 3563 250 3649 ¹sensum
273 3585 499 3646 memorabiliter
519 3586 648 3646 editores
671 3587 830 3647 ordinando
851 3589 1094 3650 disturbauerunt.
1131 3589 1168 3649 Et
1186 3590 1241 3651 Vll

133 3695 249 3774 quidem
271 3694 434 3770 fragmento
454 3693 590 3752 Horatius
612 3692 726 3751 uidetur
748 3710 856 3768 curam,
880 3712 945 3752 num
967 3713 1040 3753 uuus
1066 3695 1240 3755 aduersariis

133 3800 225 3860 tribus
266 3817 385 3877 compar
427 3807 506 3857 esset
544 3798 675 3871 futurus,
709 3797 883 3873 significare.
940 3797 1043 3876 Fuga,
1081 3816 1165 3876 quam
1201 3800 1238 3856 si-

133 3906 231 3982 mulat,
256 3923 369 3964 omnem
390 3921 473 3982 spem
495 3903 690 3963 Romanorum
709 3904 813 3962 euertit
842 3902 952 3982 (Vlll).
997 3903 1142 3963 Romanas
1166 3906 1240 3964 enim

134 4011 260 4089 ‘speres’
285 4017 373 4088 poeta
396 4012 533 4070 ‘nostras'
551 4009 621 4068 dixit
637 4029 690 4070 usu
705 4009 820 4070 Latino:
845 4027 880 4068 ac
896 4011 1048 4085 sententia,
1070 4027 1145 4086 quae
1164 4009 1239 4070 desi-

133 4117 234 4176 derata
256 4116 346 4192 uulgo
374 4116 607 4193 interpunctione
630 4114 851 4190 obscurabatur,
875 4117 967 4192 potuit
982 4113 1029 4173 uel
1049 4125 1174 4176 aaertou
1192 4117 1241 4176 uel

134 4221 218 4281 simili
251 4223 404 4300 participio
442 4223 611 4282 continuari.
665 4220 778 4280 Deinde
813 4221 860 4280 uni
883 4217 1074 4280 Curiatiorum
1103 4221 1240 4282 minitanti

135 4329 263 4388 occurrit
286 4327 358 4407 (ΙΙΙ)
380 4346 473 4406 seque
497 4329 616 4388 fratrum
641 4338 764 4406 utroque
792 4336 939 4405 prostrato
969 4327 1027 4406 (X)
1057 4328 1150 4388 solum
1178 4346 1241 4388 rem
