<?xml version="1.0" encoding="UTF-8"?>
<!DOCTYPE html PUBLIC "-//W3C//DTD XHTML 1.0 Transitional//EN"
    "http://www.w3.org/TR/xhtml1/DTD/xhtml1-transitional.dtd">
<html xmlns="http://www.w3.org/1999/xhtml" xml:lang="en" lang="en">
 <head>
  <title>
</title>
<meta http-equiv="Content-Type" content="text/html;charset=utf-8" />
  <meta name='ocr-system' content='tesseract 3.04.00' />
  <meta name='ocr-capabilities' content='ocr_page ocr_carea ocr_par ocr_line ocrx_word'/>
</head>
<body>
  <div class='ocr_page' id='page_1' title='image "./ennianaepoesisr01ennigoog_0029.png"; bbox 0 0 2984 5032; ppageno 0'>
   <div class='ocr_carea' id='block_1_1' title="bbox 588 373 1255 474">
    <p class='ocr_par' dir='ltr' id='par_1_1' title="bbox 588 373 1255 474">
     <span class='ocr_line' id='line_1_1' title="bbox 588 373 1255 474; baseline 0 0"><span class='ocrx_word' id='word_1_1' title='bbox 588 417 815 474; x_wconf 78' lang='lat' dir='ltr'><strong>nuuruuns</strong></span> <span class='ocrx_word' id='word_1_2' title='bbox 1097 373 1100 388; x_wconf 70' lang='grc'><strong>’</strong></span> <span class='ocrx_word' id='word_1_3' title='bbox 1192 427 1255 474; x_wconf 84' lang='lat' dir='ltr'><strong>xxr</strong></span> 
     </span>
    </p>
   </div>
   <div class='ocr_carea' id='block_1_2' title="bbox 3 567 1340 982">
    <p class='ocr_par' dir='ltr' id='par_1_2' title="bbox 3 567 1253 673">
     <span class='ocr_line' id='line_1_2' title="bbox 3 567 1253 673; baseline 0.002 -30"><span class='ocrx_word' id='word_1_4' title='bbox 3 653 4 662; x_wconf 8' lang='grc' dir='ltr'>χ</span> <span class='ocrx_word' id='word_1_5' title='bbox 35 645 37 652; x_wconf 23' lang='lat'><strong>⁴</strong></span> <span class='ocrx_word' id='word_1_6' title='bbox 150 582 291 663; x_wconf 78' lang='lat' dir='ltr'><strong>quaedam</strong></span> <span class='ocrx_word' id='word_1_7' title='bbox 318 581 392 642; x_wconf 83' lang='lat' dir='ltr'><strong>falso</strong></span> <span class='ocrx_word' id='word_1_8' title='bbox 422 582 459 644; x_wconf 85' lang='lat' dir='ltr'><strong>de¹</strong></span> <span class='ocrx_word' id='word_1_9' title='bbox 486 584 546 643; x_wconf 89' lang='lat' dir='ltr'><strong>suis</strong></span> <span class='ocrx_word' id='word_1_10' title='bbox 582 581 768 644; x_wconf 89' lang='lat' dir='ltr'><strong>admisceant.</strong></span> <span class='ocrx_word' id='word_1_11' title='bbox 798 581 874 673; x_wconf 29' lang='lat' dir='ltr'><strong>&#39;Qui</strong></span> <span class='ocrx_word' id='word_1_12' title='bbox 903 567 967 644; x_wconf 81' lang='lat' dir='ltr'><strong>cum</strong></span> <span class='ocrx_word' id='word_1_13' title='bbox 996 583 1067 644; x_wconf 92' lang='lat' dir='ltr'><strong>illud</strong></span> <span class='ocrx_word' id='word_1_14' title='bbox 1092 586 1253 664; x_wconf 87' lang='lat' dir='ltr'><strong>nouissent‚</strong></span> 
     </span>
    </p>

    <p class='ocr_par' dir='ltr' id='par_1_3' title="bbox 30 675 1340 982">
     <span class='ocr_line' id='line_1_3' title="bbox 34 675 1252 769; baseline 0.001 -18"><span class='ocrx_word' id='word_1_15' title='bbox 34 675 37 682; x_wconf 70' lang='grc'><strong>’</strong></span> <span class='ocrx_word' id='word_1_16' title='bbox 149 689 267 751; x_wconf 83' lang='lat' dir='ltr'>Homeri</span> <span class='ocrx_word' id='word_1_17' title='bbox 293 691 414 750; x_wconf 91' lang='lat' dir='ltr'><strong>animam</strong></span> <span class='ocrx_word' id='word_1_18' title='bbox 438 691 466 750; x_wconf 92' lang='lat' dir='ltr'><strong>iu</strong></span> <span class='ocrx_word' id='word_1_19' title='bbox 487 689 570 750; x_wconf 86' lang='lat' dir='ltr'><strong>Ennii</strong></span> <span class='ocrx_word' id='word_1_20' title='bbox 599 707 706 769; x_wconf 87' lang='lat' dir='ltr'><strong>corpus</strong></span> <span class='ocrx_word' id='word_1_21' title='bbox 731 689 896 750; x_wconf 78' lang='lat' dir='ltr'><strong>translatam</strong></span> <span class='ocrx_word' id='word_1_22' title='bbox 918 691 1045 766; x_wconf 80' lang='lat' dir='ltr'><strong>narrari,</strong></span> <span class='ocrx_word' id='word_1_23' title='bbox 1075 709 1139 752; x_wconf 89' lang='lat' dir='ltr'><strong>earu</strong></span> <span class='ocrx_word' id='word_1_24' title='bbox 1161 700 1252 754; x_wconf 81' lang='lat' dir='ltr'><strong>haos-</strong></span> 
     </span>
     <span class='ocr_line' id='line_1_4' title="bbox 149 775 1340 877; baseline 0.003 -20"><span class='ocrx_word' id='word_1_25' title='bbox 149 797 297 872; x_wconf 87' lang='lat' dir='ltr'><strong>lationem,</strong></span> <span class='ocrx_word' id='word_1_26' title='bbox 321 813 379 856; x_wconf 89' lang='lat' dir='ltr'><strong>nou</strong></span> <span class='ocrx_word' id='word_1_27' title='bbox 400 798 539 876; x_wconf 90' lang='lat' dir='ltr'><strong>inspeetis</strong></span> <span class='ocrx_word' id='word_1_28' title='bbox 559 805 589 858; x_wconf 91' lang='lat' dir='ltr'><strong>ut</strong></span> <span class='ocrx_word' id='word_1_29' title='bbox 611 797 725 858; x_wconf 89' lang='lat' dir='ltr'><strong>uidetur</strong></span> <span class='ocrx_word' id='word_1_30' title='bbox 747 796 908 872; x_wconf 80' lang='lat' dir='ltr'><strong>annalibus,</strong></span> <span class='ocrx_word' id='word_1_31' title='bbox 926 775 1018 858; x_wconf 86' lang='lat' dir='ltr'><strong>Persii</strong></span> <span class='ocrx_word' id='word_1_32' title='bbox 1033 813 1149 858; x_wconf 92' lang='lat' dir='ltr'><strong>uersum</strong></span> <span class='ocrx_word' id='word_1_33' title='bbox 1174 799 1251 877; x_wconf 89' lang='lat' dir='ltr'><strong>(Sat.</strong></span> <span class='ocrx_word' id='word_1_34' title='bbox 1335 801 1340 814; x_wconf 92' lang='lat'>&#39;</span> 
     </span>
     <span class='ocr_line' id='line_1_5' title="bbox 30 905 1250 982; baseline 0.003 -16"><span class='ocrx_word' id='word_1_35' title='bbox 30 973 32 978; x_wconf 68' lang='lat'>,</span> <span class='ocrx_word' id='word_1_36' title='bbox 149 905 185 980; x_wconf 85' lang='lat'><strong>6,</strong></span> <span class='ocrx_word' id='word_1_37' title='bbox 217 905 255 964; x_wconf 86' lang='grc'><strong>10</strong></span> <span class='ocrx_word' id='word_1_38' title='bbox 283 906 352 982; x_wconf 85' lang='lat' dir='ltr'><strong>sq.)</strong></span> <span class='ocrx_word' id='word_1_39' title='bbox 374 925 423 966; x_wconf 88' lang='lat' dir='ltr'><strong>cor</strong></span> <span class='ocrx_word' id='word_1_40' title='bbox 441 909 513 965; x_wconf 69' lang='lat' dir='ltr'><strong>nubet</strong></span> <span class='ocrx_word' id='word_1_41' title='bbox 530 908 582 966; x_wconf 87' lang='lat' dir='ltr'><strong>hoo</strong></span> <span class='ocrx_word' id='word_1_42' title='bbox 600 909 689 978; x_wconf 80' lang='lat' dir='ltr'><strong>Enni,</strong></span> <span class='ocrx_word' id='word_1_43' title='bbox 715 913 862 982; x_wconf 74' lang='lat' dir='ltr'><strong>postquam</strong></span> <span class='ocrx_word' id='word_1_44' title='bbox 888 909 1029 966; x_wconf 74' lang='lat' dir='ltr'><strong><em>destertuit</em></strong></span> <span class='ocrx_word' id='word_1_45' title='bbox 1044 923 1104 966; x_wconf 84' lang='lat' dir='ltr'><strong>erse</strong></span> <span class='ocrx_word' id='word_1_46' title='bbox 1126 909 1250 970; x_wconf 81' lang='lat' dir='ltr'><strong>Maeoni-</strong></span> 
     </span>
    </p>
   </div>
   <div class='ocr_carea' id='block_1_3' title="bbox 148 1011 1252 1196">
    <p class='ocr_par' dir='ltr' id='par_1_4' title="bbox 148 1011 1252 1196">
     <span class='ocr_line' id='line_1_6' title="bbox 148 1011 1252 1092; baseline 0.003 -21"><span class='ocrx_word' id='word_1_47' title='bbox 148 1017 212 1085; x_wconf 73' lang='grc' dir='ltr'>ἀει,</span> <span class='ocrx_word' id='word_1_48' title='bbox 242 1016 390 1084; x_wconf 80' lang='lat' dir='ltr'><strong><em>Quintus</em></strong></span> <span class='ocrx_word' id='word_1_49' title='bbox 406 1031 519 1088; x_wconf 84' lang='lat' dir='ltr'><strong>pauone</strong></span> <span class='ocrx_word' id='word_1_50' title='bbox 538 1031 576 1074; x_wconf 83' lang='lat' dir='ltr'><strong>err</strong></span> <span class='ocrx_word' id='word_1_51' title='bbox 596 1013 778 1088; x_wconf 59' lang='lat' dir='ltr'><strong>Pptbaporeo‘</strong></span> <span class='ocrx_word' id='word_1_52' title='bbox 795 1027 950 1089; x_wconf 78' lang='lat' dir='ltr'><strong>perperam</strong></span> <span class='ocrx_word' id='word_1_53' title='bbox 971 1011 1152 1092; x_wconf 90' lang='lat' dir='ltr'><strong>interpretati</strong></span> <span class='ocrx_word' id='word_1_54' title='bbox 1172 1014 1252 1074; x_wconf 88' lang='lat' dir='ltr'><strong>miris</strong></span> 
     </span>
     <span class='ocr_line' id='line_1_7' title="bbox 148 1114 1251 1196; baseline 0.003 -17"><span class='ocrx_word' id='word_1_55' title='bbox 148 1119 241 1179; x_wconf 90' lang='lat' dir='ltr'><strong>modis</strong></span> <span class='ocrx_word' id='word_1_56' title='bbox 267 1115 474 1179; x_wconf 88' lang='lat' dir='ltr'><strong>disturbarunt:</strong></span> <span class='ocrx_word' id='word_1_57' title='bbox 504 1133 625 1196; x_wconf 84' lang='lat' dir='ltr'><strong>quorum</strong></span> <span class='ocrx_word' id='word_1_58' title='bbox 653 1133 772 1176; x_wconf 90' lang='lat' dir='ltr'><strong>errores</strong></span> <span class='ocrx_word' id='word_1_59' title='bbox 796 1117 969 1176; x_wconf 87' lang='lat' dir='ltr'><strong>examiuauit</strong></span> <span class='ocrx_word' id='word_1_60' title='bbox 990 1114 1143 1196; x_wconf 79' lang='lat' dir='ltr'><strong>llbergius.</strong></span> <span class='ocrx_word' id='word_1_61' title='bbox 1187 1119 1251 1182; x_wconf 90' lang='lat' dir='ltr'><strong>Nec</strong></span> 
     </span>
    </p>
   </div>
   <div class='ocr_carea' id='block_1_4' title="bbox 23 1221 1249 1308">
    <p class='ocr_par' dir='ltr' id='par_1_5' title="bbox 23 1221 1249 1308">
     <span class='ocr_line' id='line_1_8' title="bbox 23 1221 1249 1308; baseline 0.003 -24"><span class='ocrx_word' id='word_1_62' title='bbox 23 1297 25 1304; x_wconf 18' lang='lat' dir='ltr'>y</span> <span class='ocrx_word' id='word_1_63' title='bbox 148 1242 219 1285; x_wconf 92' lang='lat' dir='ltr'><strong>uero</strong></span> <span class='ocrx_word' id='word_1_64' title='bbox 256 1223 349 1285; x_wconf 82' lang='lat' dir='ltr'><strong>Ennio</strong></span> <span class='ocrx_word' id='word_1_65' title='bbox 392 1222 449 1284; x_wconf 91' lang='lat' dir='ltr'><strong>boo</strong></span> <span class='ocrx_word' id='word_1_66' title='bbox 492 1242 578 1308; x_wconf 86' lang='lat' dir='ltr'><strong>uuum</strong></span> <span class='ocrx_word' id='word_1_67' title='bbox 617 1241 771 1302; x_wconf 79' lang='lat' dir='ltr'><strong>emergens</strong></span> <span class='ocrx_word' id='word_1_68' title='bbox 812 1241 849 1284; x_wconf 91' lang='lat' dir='ltr'><strong>ex</strong></span> <span class='ocrx_word' id='word_1_69' title='bbox 879 1221 979 1284; x_wconf 84' lang='lat' dir='ltr'><strong>inieris</strong></span> <span class='ocrx_word' id='word_1_70' title='bbox 1013 1223 1131 1286; x_wconf 84' lang='lat' dir='ltr'><strong>Homeri</strong></span> <span class='ocrx_word' id='word_1_71' title='bbox 1163 1227 1249 1288; x_wconf 88' lang='lat' dir='ltr'><strong>simu·</strong></span> 
     </span>
    </p>
   </div>
   <div class='ocr_carea' id='block_1_5' title="bbox 145 1327 1248 1415">
    <p class='ocr_par' dir='ltr' id='par_1_6' title="bbox 145 1327 1248 1415">
     <span class='ocr_line' id='line_1_9' title="bbox 145 1327 1248 1415; baseline 0.004 -23"><span class='ocrx_word' id='word_1_72' title='bbox 145 1331 255 1392; x_wconf 86' lang='lat' dir='ltr'><strong>lacrum</strong></span> <span class='ocrx_word' id='word_1_73' title='bbox 277 1330 405 1410; x_wconf 88' lang='lat' dir='ltr'><strong>aperuit:</strong></span> <span class='ocrx_word' id='word_1_74' title='bbox 437 1331 485 1408; x_wconf 80' lang='lat' dir='ltr'><strong>qui</strong></span> <span class='ocrx_word' id='word_1_75' title='bbox 508 1329 681 1406; x_wconf 82' lang='lat' dir='ltr'><strong>exordiens,</strong></span> <span class='ocrx_word' id='word_1_76' title='bbox 709 1331 788 1411; x_wconf 87' lang='lat' dir='ltr'><strong>quod</strong></span> <span class='ocrx_word' id='word_1_77' title='bbox 810 1327 916 1391; x_wconf 81' lang='lat' dir='ltr'><strong>Cicero</strong></span> <span class='ocrx_word' id='word_1_78' title='bbox 937 1329 1046 1410; x_wconf 75' lang='lat' dir='ltr'><strong>(head.</strong></span> <span class='ocrx_word' id='word_1_79' title='bbox 1068 1330 1095 1392; x_wconf 94' lang='lat' dir='ltr'><strong>ll</strong></span> <span class='ocrx_word' id='word_1_80' title='bbox 1119 1330 1170 1409; x_wconf 83' lang='lat'><strong>27,</strong></span> <span class='ocrx_word' id='word_1_81' title='bbox 1191 1333 1248 1415; x_wconf 88' lang='grc'><strong>38)</strong></span> 
     </span>
    </p>
   </div>
   <div class='ocr_carea' id='block_1_6' title="bbox 143 1435 1249 1514">
    <p class='ocr_par' dir='ltr' id='par_1_7' title="bbox 18 1403 1249 1514">
     <span class='ocr_line' id='line_1_10' title="bbox 143 1435 1249 1514; baseline 0.002 -15.797"><span class='ocrx_word' id='word_1_82' title='bbox 143 1455 201 1499; x_wconf 84' lang='lat' dir='ltr'><strong>unu</strong></span> <span class='ocrx_word' id='word_1_83' title='bbox 234 1439 309 1500; x_wconf 91' lang='lat' dir='ltr'><strong>adeo</strong></span> <span class='ocrx_word' id='word_1_84' title='bbox 343 1435 470 1499; x_wconf 85' lang='lat' dir='ltr'><strong>obscure</strong></span> <span class='ocrx_word' id='word_1_85' title='bbox 505 1435 657 1514; x_wconf 80' lang='lat' dir='ltr'><strong>iudicauit,</strong></span> <span class='ocrx_word' id='word_1_86' title='bbox 694 1436 730 1500; x_wconf 87' lang='lat' dir='ltr'><strong>ab</strong></span> <span class='ocrx_word' id='word_1_87' title='bbox 760 1437 806 1499; x_wconf 90' lang='lat' dir='ltr'><strong>his</strong></span> <span class='ocrx_word' id='word_1_88' title='bbox 839 1435 953 1498; x_wconf 91' lang='lat' dir='ltr'><strong>uerbis:</strong></span> <span class='ocrx_word' id='word_1_89' title='bbox 989 1459 1005 1497; x_wconf 93' lang='lat' dir='ltr'><strong>o</strong></span> <span class='ocrx_word' id='word_1_90' title='bbox 1031 1443 1125 1513; x_wconf 81' lang='lat' dir='ltr'><strong>pietas</strong></span> <span class='ocrx_word' id='word_1_91' title='bbox 1156 1445 1249 1514; x_wconf 72' lang='lat' dir='ltr'><strong>amru,</strong></span> 
     </span>
    </p>
   </div>
   <div class='ocr_carea' id='block_1_7' title="bbox 131 1540 1295 4406">
    <p class='ocr_par' dir='ltr' id='par_1_8' title="bbox 131 1540 1295 4406">
     <span class='ocr_line' id='line_1_11' title="bbox 144 1540 1248 1623; baseline -0.001 -17"><span class='ocrx_word' id='word_1_92' title='bbox 144 1554 273 1606; x_wconf 87' lang='lat' dir='ltr'><strong>naturam</strong></span> <span class='ocrx_word' id='word_1_93' title='bbox 301 1563 397 1606; x_wconf 88' lang='lat' dir='ltr'><strong>rerum</strong></span> <span class='ocrx_word' id='word_1_94' title='bbox 419 1545 504 1604; x_wconf 91' lang='lat' dir='ltr'><strong>dictis</strong></span> <span class='ocrx_word' id='word_1_95' title='bbox 526 1551 556 1604; x_wconf 91' lang='lat' dir='ltr'><strong>ut</strong></span> <span class='ocrx_word' id='word_1_96' title='bbox 582 1547 621 1606; x_wconf 88' lang='lat' dir='ltr'><strong>ait</strong></span> <span class='ocrx_word' id='word_1_97' title='bbox 641 1544 793 1606; x_wconf 83' lang='lat' dir='ltr'><strong>Lucretius</strong></span> <span class='ocrx_word' id='word_1_98' title='bbox 821 1543 851 1623; x_wconf 89' lang='grc' dir='ltr'><strong>(Ι</strong></span> <span class='ocrx_word' id='word_1_99' title='bbox 875 1540 1109 1622; x_wconf 82' lang='lat' dir='ltr'><strong>126)expaodit.</strong></span> <span class='ocrx_word' id='word_1_100' title='bbox 1146 1544 1248 1606; x_wconf 89' lang='lat' dir='ltr'><strong>Parum</strong></span> 
     </span>
     <span class='ocr_line' id='line_1_12' title="bbox 144 1649 1248 1731; baseline -0.001 -19"><span class='ocrx_word' id='word_1_101' title='bbox 144 1653 219 1712; x_wconf 88' lang='lat' dir='ltr'><strong>euim</strong></span> <span class='ocrx_word' id='word_1_102' title='bbox 242 1650 395 1731; x_wconf 86' lang='lat' dir='ltr'><strong>probabile</strong></span> <span class='ocrx_word' id='word_1_103' title='bbox 422 1660 468 1712; x_wconf 90' lang='lat' dir='ltr'><strong>est</strong></span> <span class='ocrx_word' id='word_1_104' title='bbox 492 1649 569 1712; x_wconf 90' lang='lat' dir='ltr'><strong>aliud</strong></span> <span class='ocrx_word' id='word_1_105' title='bbox 602 1660 720 1730; x_wconf 88' lang='lat' dir='ltr'><strong>praeter</strong></span> <span class='ocrx_word' id='word_1_106' title='bbox 745 1651 864 1712; x_wconf 89' lang='lat' dir='ltr'><strong>annales</strong></span> <span class='ocrx_word' id='word_1_107' title='bbox 893 1667 1009 1711; x_wconf 88' lang='lat' dir='ltr'><strong>carmen</strong></span> <span class='ocrx_word' id='word_1_108' title='bbox 1037 1649 1095 1711; x_wconf 93' lang='lat' dir='ltr'><strong>illis</strong></span> <span class='ocrx_word' id='word_1_109' title='bbox 1119 1668 1193 1731; x_wconf 89' lang='lat' dir='ltr'><strong>quos</strong></span> <span class='ocrx_word' id='word_1_110' title='bbox 1219 1653 1248 1713; x_wconf 92' lang='lat' dir='ltr'><strong>iu</strong></span> 
     </span>
     <span class='ocr_line' id='line_1_13' title="bbox 144 1757 1247 1839; baseline 0.004 -23"><span class='ocrx_word' id='word_1_111' title='bbox 144 1757 225 1839; x_wconf 71' lang='lat' dir='ltr'><strong>ipsus</strong></span> <span class='ocrx_word' id='word_1_112' title='bbox 246 1757 386 1818; x_wconf 90' lang='lat' dir='ltr'><strong>annalium</strong></span> <span class='ocrx_word' id='word_1_113' title='bbox 408 1759 546 1837; x_wconf 82' lang='lat' dir='ltr'><strong>reliquias</strong></span> <span class='ocrx_word' id='word_1_114' title='bbox 568 1759 670 1838; x_wconf 91' lang='lat' dir='ltr'><strong>recepi</strong></span> <span class='ocrx_word' id='word_1_115' title='bbox 693 1757 819 1819; x_wconf 85' lang='lat' dir='ltr'><strong>Lucretii</strong></span> <span class='ocrx_word' id='word_1_116' title='bbox 841 1757 975 1826; x_wconf 91' lang='lat' dir='ltr'><strong>uersibus</strong></span> <span class='ocrx_word' id='word_1_117' title='bbox 1001 1757 1175 1836; x_wconf 77' lang='lat' dir='ltr'><strong>significari:</strong></span> <span class='ocrx_word' id='word_1_118' title='bbox 1198 1763 1247 1838; x_wconf 80' lang='lat' dir='ltr'><strong>qui</strong></span> 
     </span>
     <span class='ocr_line' id='line_1_14' title="bbox 144 1863 1246 1944; baseline 0.004 -20"><span class='ocrx_word' id='word_1_119' title='bbox 144 1872 245 1942; x_wconf 90' lang='lat' dir='ltr'><strong>aperte</strong></span> <span class='ocrx_word' id='word_1_120' title='bbox 270 1863 314 1925; x_wconf 91' lang='lat' dir='ltr'><strong>bis</strong></span> <span class='ocrx_word' id='word_1_121' title='bbox 343 1863 458 1943; x_wconf 87' lang='lat' dir='ltr'><strong>quidem</strong></span> <span class='ocrx_word' id='word_1_122' title='bbox 484 1881 559 1942; x_wconf 85' lang='lat' dir='ltr'><strong>quoe</strong></span> <span class='ocrx_word' id='word_1_123' title='bbox 581 1864 667 1927; x_wconf 85' lang='lat' dir='ltr'><strong>dicit:</strong></span> <span class='ocrx_word' id='word_1_124' title='bbox 696 1872 744 1944; x_wconf 81' lang='lat' dir='ltr'><strong>qui</strong></span> <span class='ocrx_word' id='word_1_125' title='bbox 754 1873 867 1943; x_wconf 69' lang='lat' dir='ltr'><strong>prunus</strong></span> <span class='ocrx_word' id='word_1_126' title='bbox 883 1884 996 1926; x_wconf 81' lang='lat' dir='ltr'><strong>nmooro</strong></span> <span class='ocrx_word' id='word_1_127' title='bbox 1010 1867 1113 1925; x_wconf 81' lang='lat' dir='ltr'><strong>Detulit</strong></span> <span class='ocrx_word' id='word_1_128' title='bbox 1130 1885 1168 1928; x_wconf 84' lang='lat' dir='ltr'><strong>eor</strong></span> <span class='ocrx_word' id='word_1_129' title='bbox 1187 1871 1246 1928; x_wconf 85' lang='lat' dir='ltr'><strong>He-</strong></span> 
     </span>
     <span class='ocr_line' id='line_1_15' title="bbox 141 1973 1247 2051; baseline 0.004 -19"><span class='ocrx_word' id='word_1_130' title='bbox 141 1977 228 2032; x_wconf 78' lang='lat' dir='ltr'><strong>licone</strong></span> <span class='ocrx_word' id='word_1_131' title='bbox 249 1977 372 2048; x_wconf 80' lang='lat' dir='ltr'><strong>perenni</strong></span> <span class='ocrx_word' id='word_1_132' title='bbox 391 1974 496 2048; x_wconf 84' lang='lat' dir='ltr'><strong>fronde</strong></span> <span class='ocrx_word' id='word_1_133' title='bbox 522 1991 669 2047; x_wconf 76' lang='lat' dir='ltr'><strong>emonam,</strong></span> <span class='ocrx_word' id='word_1_134' title='bbox 697 1977 755 2032; x_wconf 86' lang='lat' dir='ltr'><strong>Per</strong></span> <span class='ocrx_word' id='word_1_135' title='bbox 781 1977 868 2050; x_wconf 70' lang='lat' dir='ltr'><strong>penho</strong></span> <span class='ocrx_word' id='word_1_136' title='bbox 889 1973 979 2032; x_wconf 80' lang='lat' dir='ltr'><strong>Italus</strong></span> <span class='ocrx_word' id='word_1_137' title='bbox 1007 1973 1145 2032; x_wconf 81' lang='lat' dir='ltr'><strong>bominum</strong></span> <span class='ocrx_word' id='word_1_138' title='bbox 1175 1993 1247 2051; x_wconf 78' lang='lat' dir='ltr'><strong>quac</strong></span> 
     </span>
     <span class='ocr_line' id='line_1_16' title="bbox 140 2075 1245 2156; baseline 0.002 -18"><span class='ocrx_word' id='word_1_139' title='bbox 140 2083 222 2139; x_wconf 80' lang='lat' dir='ltr'><strong>uteru</strong></span> <span class='ocrx_word' id='word_1_140' title='bbox 243 2084 348 2140; x_wconf 85' lang='lat' dir='ltr'><strong>elueret</strong></span> <span class='ocrx_word' id='word_1_141' title='bbox 365 2086 395 2138; x_wconf 91' lang='lat' dir='ltr'><strong>et</strong></span> <span class='ocrx_word' id='word_1_142' title='bbox 417 2077 452 2139; x_wconf 90' lang='lat' dir='ltr'><strong>ad</strong></span> <span class='ocrx_word' id='word_1_143' title='bbox 475 2079 594 2140; x_wconf 86' lang='lat' dir='ltr'><strong>annales</strong></span> <span class='ocrx_word' id='word_1_144' title='bbox 617 2075 722 2139; x_wconf 88' lang='lat' dir='ltr'><strong>adlusit</strong></span> <span class='ocrx_word' id='word_1_145' title='bbox 744 2089 772 2139; x_wconf 91' lang='lat' dir='ltr'><strong>et</strong></span> <span class='ocrx_word' id='word_1_146' title='bbox 794 2077 870 2139; x_wconf 90' lang='lat' dir='ltr'><strong>bunc</strong></span> <span class='ocrx_word' id='word_1_147' title='bbox 889 2078 1076 2156; x_wconf 86' lang='lat' dir='ltr'><strong>superstitem</strong></span> <span class='ocrx_word' id='word_1_148' title='bbox 1102 2097 1139 2138; x_wconf 87' lang='lat' dir='ltr'><strong>ex</strong></span> <span class='ocrx_word' id='word_1_149' title='bbox 1159 2096 1245 2141; x_wconf 86' lang='lat' dir='ltr'><strong>annu·</strong></span> 
     </span>
     <span class='ocr_line' id='line_1_17' title="bbox 140 2183 1245 2264; baseline 0.002 -17"><span class='ocrx_word' id='word_1_150' title='bbox 140 2183 216 2248; x_wconf 87' lang='lat' dir='ltr'><strong>libus</strong></span> <span class='ocrx_word' id='word_1_151' title='bbox 238 2203 355 2245; x_wconf 90' lang='lat' dir='ltr'><strong>uersum</strong></span> <span class='ocrx_word' id='word_1_152' title='bbox 378 2187 540 2264; x_wconf 83' lang='lat' dir='ltr'><strong>expressit:</strong></span> <span class='ocrx_word' id='word_1_153' title='bbox 565 2192 635 2245; x_wconf 82' lang='lat' dir='ltr'><strong>totos</strong></span> <span class='ocrx_word' id='word_1_154' title='bbox 649 2203 707 2260; x_wconf 89' lang='lat' dir='ltr'><strong>per</strong></span> <span class='ocrx_word' id='word_1_155' title='bbox 720 2191 841 2261; x_wconf 84' lang='lat' dir='ltr'><strong>populos</strong></span> <span class='ocrx_word' id='word_1_156' title='bbox 852 2195 997 2261; x_wconf 71' lang='lat' dir='ltr'><strong>ursosque</strong></span> <span class='ocrx_word' id='word_1_157' title='bbox 1004 2194 1135 2260; x_wconf 73' lang='lat' dir='ltr'><strong>podrnma</strong></span> <span class='ocrx_word' id='word_1_158' title='bbox 1149 2202 1245 2250; x_wconf 84' lang='lat' dir='ltr'><strong>nostru</strong></span> 
     </span>
     <span class='ocr_line' id='line_1_18' title="bbox 139 2288 1245 2371; baseline 0 -17"><span class='ocrx_word' id='word_1_159' title='bbox 139 2298 225 2354; x_wconf 78' lang='lat' dir='ltr'><strong>clara</strong></span> <span class='ocrx_word' id='word_1_160' title='bbox 237 2297 362 2353; x_wconf 66' lang='lat' dir='ltr'><strong>emebat</strong></span> <span class='ocrx_word' id='word_1_161' title='bbox 372 2291 455 2371; x_wconf 81' lang='grc' dir='ltr'><strong>(Ν).</strong></span> <span class='ocrx_word' id='word_1_162' title='bbox 477 2290 516 2351; x_wconf 87' lang='lat' dir='ltr'><strong>Vt</strong></span> <span class='ocrx_word' id='word_1_163' title='bbox 527 2289 691 2350; x_wconf 87' lang='lat' dir='ltr'><strong>huc&#39;retium</strong></span> <span class='ocrx_word' id='word_1_164' title='bbox 708 2291 732 2348; x_wconf 94' lang='lat' dir='ltr'><strong>si</strong></span> <span class='ocrx_word' id='word_1_165' title='bbox 747 2293 880 2370; x_wconf 85' lang='lat' dir='ltr'><strong>sequeris</strong></span> <span class='ocrx_word' id='word_1_166' title='bbox 893 2288 1057 2350; x_wconf 89' lang='lat' dir='ltr'><strong>adaunules</strong></span> <span class='ocrx_word' id='word_1_167' title='bbox 1067 2293 1245 2355; x_wconf 91' lang='lat' dir='ltr'><strong>relerashos</strong></span> 
     </span>
     <span class='ocr_line' id='line_1_19' title="bbox 139 2393 1243 2478; baseline 0.002 -18"><span class='ocrx_word' id='word_1_168' title='bbox 139 2406 335 2460; x_wconf 86' lang='lat' dir='ltr'><strong>certeuersus</strong></span> <span class='ocrx_word' id='word_1_169' title='bbox 350 2397 511 2460; x_wconf 84' lang='lat' dir='ltr'><strong>allurrone</strong></span> <span class='ocrx_word' id='word_1_170' title='bbox 525 2396 579 2475; x_wconf 90' lang='lat' dir='ltr'><strong>(de</strong></span> <span class='ocrx_word' id='word_1_171' title='bbox 590 2395 621 2456; x_wconf 87' lang='lat' dir='ltr'><strong>b.</strong></span> <span class='ocrx_word' id='word_1_172' title='bbox 633 2395 664 2456; x_wconf 87' lang='lat' dir='ltr'><strong>b.</strong></span> <span class='ocrx_word' id='word_1_173' title='bbox 677 2393 754 2457; x_wconf 76' lang='lat' dir='ltr'><strong>voe</strong></span> <span class='ocrx_word' id='word_1_174' title='bbox 764 2397 818 2478; x_wconf 87' lang='lat' dir='ltr'><strong>lt.)</strong></span> <span class='ocrx_word' id='word_1_175' title='bbox 835 2406 1026 2458; x_wconf 86' lang='lat' dir='ltr'><strong>conseruatos</strong></span> <span class='ocrx_word' id='word_1_176' title='bbox 1041 2397 1243 2462; x_wconf 89' lang='lat' dir='ltr'><strong>hexametros:</strong></span> 
     </span>
     <span class='ocr_line' id='line_1_20' title="bbox 138 2485 1245 2583; baseline 0.004 -17"><span class='ocrx_word' id='word_1_177' title='bbox 138 2527 193 2566; x_wconf 87' lang='lat' dir='ltr'><strong>ouo</strong></span> <span class='ocrx_word' id='word_1_178' title='bbox 206 2511 304 2581; x_wconf 82' lang='lat' dir='ltr'><strong>parire</strong></span> <span class='ocrx_word' id='word_1_179' title='bbox 319 2511 387 2566; x_wconf 84' lang='lat' dir='ltr'><strong>solet</strong></span> <span class='ocrx_word' id='word_1_180' title='bbox 397 2524 485 2583; x_wconf 82' lang='lat' dir='ltr'><strong>penus</strong></span> <span class='ocrx_word' id='word_1_181' title='bbox 495 2510 598 2580; x_wconf 81' lang='lat' dir='ltr'><strong>pennis</strong></span> <span class='ocrx_word' id='word_1_182' title='bbox 610 2485 819 2566; x_wconf 72' lang='lat' dir='ltr'><strong>condecoratam</strong></span> <span class='ocrx_word' id='word_1_183' title='bbox 835 2509 898 2566; x_wconf 86' lang='lat' dir='ltr'><strong>Non</strong></span> <span class='ocrx_word' id='word_1_184' title='bbox 913 2511 1049 2566; x_wconf 81' lang='lat' dir='ltr'><strong>animum.-</strong></span> <span class='ocrx_word' id='word_1_185' title='bbox 1071 2516 1170 2583; x_wconf 85' lang='lat' dir='ltr'><strong>etpost</strong></span> <span class='ocrx_word' id='word_1_186' title='bbox 1181 2513 1245 2570; x_wconf 84' lang='lat' dir='ltr'><strong>inde</strong></span> 
     </span>
     <span class='ocr_line' id='line_1_21' title="bbox 138 2607 1243 2690; baseline 0.001 -17"><span class='ocrx_word' id='word_1_187' title='bbox 138 2619 213 2674; x_wconf 83' lang='lat' dir='ltr'><strong>uenit</strong></span> <span class='ocrx_word' id='word_1_188' title='bbox 221 2616 351 2672; x_wconf 55' lang='lat' dir='ltr'><strong>deintus</strong></span> <span class='ocrx_word' id='word_1_189' title='bbox 360 2617 445 2689; x_wconf 80' lang='lat' dir='ltr'><strong>pultis</strong></span> <span class='ocrx_word' id='word_1_190' title='bbox 456 2615 527 2688; x_wconf 82' lang='lat' dir='ltr'><strong>Ipso</strong></span> <span class='ocrx_word' id='word_1_191' title='bbox 540 2616 633 2670; x_wconf 75' lang='lat' dir='ltr'><strong>anana</strong></span> <span class='ocrx_word' id='word_1_192' title='bbox 645 2607 749 2688; x_wconf 89' lang='lat' dir='ltr'><strong>(Xll):</strong></span> <span class='ocrx_word' id='word_1_193' title='bbox 769 2610 899 2690; x_wconf 81' lang='lat' dir='ltr'><strong>aquibus</strong></span> <span class='ocrx_word' id='word_1_194' title='bbox 913 2611 976 2672; x_wconf 87' lang='lat' dir='ltr'><strong>lere</strong></span> <span class='ocrx_word' id='word_1_195' title='bbox 985 2628 1043 2670; x_wconf 92' lang='lat' dir='ltr'><strong>oou</strong></span> <span class='ocrx_word' id='word_1_196' title='bbox 1053 2612 1158 2674; x_wconf 90' lang='lat' dir='ltr'><strong>distant</strong></span> <span class='ocrx_word' id='word_1_197' title='bbox 1167 2613 1243 2674; x_wconf 87' lang='lat' dir='ltr'><strong>haec</strong></span> 
     </span>
     <span class='ocr_line' id='line_1_22' title="bbox 136 2718 1242 2798; baseline -0.001 -18"><span class='ocrx_word' id='word_1_198' title='bbox 136 2718 454 2798; x_wconf 84' lang='lat' dir='ltr'><strong>Lucretiaoa(11ii)un</strong></span> <span class='ocrx_word' id='word_1_199' title='bbox 462 2721 664 2793; x_wconf 83' lang='lat' dir='ltr'><strong>pecudesolius</strong></span> <span class='ocrx_word' id='word_1_200' title='bbox 675 2720 803 2780; x_wconf 76' lang='lat' dir='ltr'><strong>diumituo</strong></span> <span class='ocrx_word' id='word_1_201' title='bbox 811 2725 1103 2794; x_wconf 61' lang='lat' dir='ltr'><strong>memmremnimu).</strong></span> <span class='ocrx_word' id='word_1_202' title='bbox 1120 2718 1242 2780; x_wconf 81' lang='lat' dir='ltr'><strong>hosatis</strong></span> 
     </span>
     <span class='ocr_line' id='line_1_23' title="bbox 136 2823 1240 2906; baseline -0.002 -18"><span class='ocrx_word' id='word_1_203' title='bbox 136 2828 340 2906; x_wconf 88' lang='lat' dir='ltr'><strong>intempestiue</strong></span> <span class='ocrx_word' id='word_1_204' title='bbox 363 2823 503 2886; x_wconf 83' lang='lat' dir='ltr'><strong>columna</strong></span> <span class='ocrx_word' id='word_1_205' title='bbox 523 2823 637 2885; x_wconf 89' lang='lat' dir='ltr'><strong>uidetur</strong></span> <span class='ocrx_word' id='word_1_206' title='bbox 657 2824 724 2886; x_wconf 89' lang='lat' dir='ltr'><strong>mihi</strong></span> <span class='ocrx_word' id='word_1_207' title='bbox 747 2827 863 2906; x_wconf 84' lang='lat' dir='ltr'><strong>quidem</strong></span> <span class='ocrx_word' id='word_1_208' title='bbox 884 2825 929 2886; x_wconf 89' lang='lat' dir='ltr'><strong>his</strong></span> <span class='ocrx_word' id='word_1_209' title='bbox 945 2825 1124 2886; x_wconf 85' lang='lat' dir='ltr'><strong>Lucretianis</strong></span> <span class='ocrx_word' id='word_1_210' title='bbox 1145 2823 1240 2905; x_wconf 82' lang='lat'>(120)</span> 
     </span>
     <span class='ocr_line' id='line_1_24' title="bbox 136 2935 1243 3012; baseline -0.003 -16"><span class='ocrx_word' id='word_1_211' title='bbox 136 2941 188 2996; x_wconf 83' lang='lat' dir='ltr'><strong>etsi</strong></span> <span class='ocrx_word' id='word_1_212' title='bbox 202 2943 355 3012; x_wconf 85' lang='lat' dir='ltr'><strong>praetereo</strong></span> <span class='ocrx_word' id='word_1_213' title='bbox 377 2935 718 2996; x_wconf 64' lang='lat' dir='ltr'><strong>rumorosorum</strong></span> <span class='ocrx_word' id='word_1_214' title='bbox 736 2940 837 3011; x_wconf 86' lang='lat' dir='ltr'><strong>templo</strong></span> <span class='ocrx_word' id='word_1_215' title='bbox 857 2937 967 2996; x_wconf 79' lang='lat' dir='ltr'><strong>Ennius</strong></span> <span class='ocrx_word' id='word_1_216' title='bbox 991 2939 1111 2994; x_wconf 82' lang='lat' dir='ltr'><strong>oeternis</strong></span> <span class='ocrx_word' id='word_1_217' title='bbox 1129 2940 1243 3009; x_wconf 76' lang='lat' dir='ltr'><strong>exponit</strong></span> 
     </span>
     <span class='ocr_line' id='line_1_25' title="bbox 135 3037 1239 3118; baseline -0.005 -14"><span class='ocrx_word' id='word_1_218' title='bbox 135 3046 261 3104; x_wconf 74' lang='lat' dir='ltr'><strong>cernone</strong></span> <span class='ocrx_word' id='word_1_219' title='bbox 275 3047 359 3102; x_wconf 83' lang='lat' dir='ltr'><strong>edens</strong></span> <span class='ocrx_word' id='word_1_220' title='bbox 375 3041 534 3105; x_wconf 80' lang='lat' dir='ltr'><strong>contulisse</strong></span> <span class='ocrx_word' id='word_1_221' title='bbox 546 3039 694 3102; x_wconf 85' lang='lat' dir='ltr'><strong>Ennianus</strong></span> <span class='ocrx_word' id='word_1_222' title='bbox 708 3039 930 3102; x_wconf 83' lang='lat' dir='ltr'><strong>Andromachae</strong></span> <span class='ocrx_word' id='word_1_223' title='bbox 951 3037 1042 3100; x_wconf 90' lang='lat' dir='ltr'><strong>uerba</strong></span> <span class='ocrx_word' id='word_1_224' title='bbox 1054 3037 1133 3118; x_wconf 77' lang='lat' dir='ltr'><strong>‘(vl)</strong></span> <span class='ocrx_word' id='word_1_225' title='bbox 1150 3043 1239 3099; x_wconf 78' lang='lat' dir='ltr'><strong>Aehe-</strong></span> 
     </span>
     <span class='ocr_line' id='line_1_26' title="bbox 134 3149 1295 3228; baseline -0.005 -16"><span class='ocrx_word' id='word_1_226' title='bbox 134 3157 233 3212; x_wconf 82' lang='lat' dir='ltr'><strong>runsu&#39;a</strong></span> <span class='ocrx_word' id='word_1_227' title='bbox 247 3157 346 3228; x_wconf 86' lang='lat' dir='ltr'><strong>templa</strong></span> <span class='ocrx_word' id='word_1_228' title='bbox 360 3155 418 3212; x_wconf 83' lang='lat' dir='ltr'><strong>altu</strong></span> <span class='ocrx_word' id='word_1_229' title='bbox 434 3154 507 3222; x_wconf 87' lang='lat' dir='ltr'><strong>Orci,</strong></span> <span class='ocrx_word' id='word_1_230' title='bbox 530 3157 638 3219; x_wconf 84' lang='lat' dir='ltr'><strong>sanctu,</strong></span> <span class='ocrx_word' id='word_1_231' title='bbox 659 3152 763 3206; x_wconf 70' lang='lat' dir='ltr'><strong>comete</strong></span> <span class='ocrx_word' id='word_1_232' title='bbox 776 3151 889 3225; x_wconf 82' lang='lat' dir='ltr'><strong>infero,</strong></span> <span class='ocrx_word' id='word_1_233' title='bbox 907 3151 1019 3207; x_wconf 81' lang='lat' dir='ltr'><strong>Pallida</strong></span> <span class='ocrx_word' id='word_1_234' title='bbox 1034 3150 1093 3219; x_wconf 81' lang='lat' dir='ltr'><strong>leti,</strong></span> <span class='ocrx_word' id='word_1_235' title='bbox 1113 3149 1241 3206; x_wconf 83' lang='lat' dir='ltr'><strong>obnubilo</strong></span> <span class='ocrx_word' id='word_1_236' title='bbox 1293 3179 1295 3186; x_wconf 94' lang='lat'>·</span> 
     </span>
     <span class='ocr_line' id='line_1_27' title="bbox 133 3251 1237 3333; baseline -0.006 -15"><span class='ocrx_word' id='word_1_237' title='bbox 133 3260 254 3318; x_wconf 81' lang='lat' dir='ltr'><strong>tenebris</strong></span> <span class='ocrx_word' id='word_1_238' title='bbox 286 3264 369 3332; x_wconf 69' lang='lat' dir='ltr'><strong>ubre,</strong></span> <span class='ocrx_word' id='word_1_239' title='bbox 409 3263 529 3318; x_wconf 79' lang='lat' dir='ltr'><strong>oeternis</strong></span> <span class='ocrx_word' id='word_1_240' title='bbox 561 3260 629 3315; x_wconf 78' lang='lat' dir='ltr'><strong>buu.</strong></span> <span class='ocrx_word' id='word_1_241' title='bbox 680 3252 755 3328; x_wconf 81' lang='lat' dir='ltr'><strong>Quid</strong></span> <span class='ocrx_word' id='word_1_242' title='bbox 795 3255 869 3314; x_wconf 88' lang='lat' dir='ltr'><strong>eninr</strong></span> <span class='ocrx_word' id='word_1_243' title='bbox 907 3251 1074 3333; x_wconf 86' lang='lat' dir='ltr'><strong>inpediebat</strong></span> <span class='ocrx_word' id='word_1_244' title='bbox 1109 3259 1237 3332; x_wconf 80' lang='lat' dir='ltr'><strong>potitam,</strong></span> 
     </span>
     <span class='ocr_line' id='line_1_28' title="bbox 134 3358 1238 3442; baseline -0.004 -18"><span class='ocrx_word' id='word_1_245' title='bbox 134 3380 193 3442; x_wconf 87' lang='lat' dir='ltr'><strong>quo</strong></span> <span class='ocrx_word' id='word_1_246' title='bbox 214 3365 306 3426; x_wconf 87' lang='lat' dir='ltr'><strong>miuus</strong></span> <span class='ocrx_word' id='word_1_247' title='bbox 329 3365 357 3424; x_wconf 89' lang='lat' dir='ltr'><strong>io</strong></span> <span class='ocrx_word' id='word_1_248' title='bbox 377 3362 519 3426; x_wconf 89' lang='lat' dir='ltr'><strong>annalium</strong></span> <span class='ocrx_word' id='word_1_249' title='bbox 547 3377 664 3441; x_wconf 85' lang='lat' dir='ltr'><strong>quoque</strong></span> <span class='ocrx_word' id='word_1_250' title='bbox 687 3359 826 3438; x_wconf 88' lang='lat' dir='ltr'><strong>exordio,</strong></span> <span class='ocrx_word' id='word_1_251' title='bbox 853 3361 901 3422; x_wconf 93' lang='lat' dir='ltr'><strong>ubi</strong></span> <span class='ocrx_word' id='word_1_252' title='bbox 928 3362 1078 3422; x_wconf 90' lang='lat' dir='ltr'><strong>nimirum</strong></span> <span class='ocrx_word' id='word_1_253' title='bbox 1100 3378 1138 3420; x_wconf 85' lang='lat' dir='ltr'><strong>ex</strong></span> <span class='ocrx_word' id='word_1_254' title='bbox 1161 3358 1238 3421; x_wconf 89' lang='lat' dir='ltr'><strong>Orco</strong></span> 
     </span>
     <span class='ocr_line' id='line_1_29' title="bbox 133 3464 1238 3551; baseline -0.003 -19"><span class='ocrx_word' id='word_1_255' title='bbox 133 3471 289 3533; x_wconf 92' lang='lat' dir='ltr'><strong>llomerum</strong></span> <span class='ocrx_word' id='word_1_256' title='bbox 315 3474 397 3551; x_wconf 77' lang='lat' dir='ltr'><strong>fingit</strong></span> <span class='ocrx_word' id='word_1_257' title='bbox 425 3470 605 3542; x_wconf 80' lang='lat' dir='ltr'><strong>escendere,</strong></span> <span class='ocrx_word' id='word_1_258' title='bbox 643 3464 820 3527; x_wconf 81' lang='lat' dir='ltr'><strong>Acherontis</strong></span> <span class='ocrx_word' id='word_1_259' title='bbox 847 3469 977 3547; x_wconf 87' lang='lat' dir='ltr'><strong>speeiem</strong></span> <span class='ocrx_word' id='word_1_260' title='bbox 1004 3466 1138 3529; x_wconf 90' lang='lat' dir='ltr'><strong>uersibus</strong></span> <span class='ocrx_word' id='word_1_261' title='bbox 1165 3469 1238 3529; x_wconf 88' lang='lat' dir='ltr'><strong>deli·</strong></span> 
     </span>
     <span class='ocr_line' id='line_1_30' title="bbox 134 3573 1238 3657; baseline -0.002 -19"><span class='ocrx_word' id='word_1_262' title='bbox 134 3575 255 3640; x_wconf 83' lang='lat' dir='ltr'><strong>ncaret?</strong></span> <span class='ocrx_word' id='word_1_263' title='bbox 288 3579 386 3654; x_wconf 84' lang='lat' dir='ltr'><strong>Quare</strong></span> <span class='ocrx_word' id='word_1_264' title='bbox 415 3577 493 3657; x_wconf 81' lang='lat' dir='ltr'><strong>quod</strong></span> <span class='ocrx_word' id='word_1_265' title='bbox 514 3576 669 3636; x_wconf 89' lang='lat' dir='ltr'><strong>Homerum</strong></span> <span class='ocrx_word' id='word_1_266' title='bbox 695 3582 824 3636; x_wconf 90' lang='lat' dir='ltr'><strong>naturam</strong></span> <span class='ocrx_word' id='word_1_267' title='bbox 848 3592 944 3636; x_wconf 90' lang='lat' dir='ltr'><strong>rerurn</strong></span> <span class='ocrx_word' id='word_1_268' title='bbox 971 3573 1147 3654; x_wconf 88' lang='lat' dir='ltr'><strong>expandisse</strong></span> <span class='ocrx_word' id='word_1_269' title='bbox 1168 3575 1238 3636; x_wconf 90' lang='lat' dir='ltr'><strong>dicit</strong></span> 
     </span>
     <span class='ocr_line' id='line_1_31' title="bbox 131 3681 1238 3763; baseline -0.005 -16"><span class='ocrx_word' id='word_1_270' title='bbox 131 3685 298 3761; x_wconf 78' lang='lat' dir='ltr'><strong>Lucretius,</strong></span> <span class='ocrx_word' id='word_1_271' title='bbox 321 3685 349 3747; x_wconf 95' lang='lat' dir='ltr'><strong>id</strong></span> <span class='ocrx_word' id='word_1_272' title='bbox 370 3685 408 3747; x_wconf 91' lang='lat' dir='ltr'><strong>de</strong></span> <span class='ocrx_word' id='word_1_273' title='bbox 428 3683 578 3745; x_wconf 84' lang='lat' dir='ltr'><strong>annalibus</strong></span> <span class='ocrx_word' id='word_1_274' title='bbox 595 3681 678 3742; x_wconf 90' lang='lat' dir='ltr'><strong>dicit:</strong></span> <span class='ocrx_word' id='word_1_275' title='bbox 702 3699 766 3741; x_wconf 91' lang='lat' dir='ltr'><strong>cum</strong></span> <span class='ocrx_word' id='word_1_276' title='bbox 785 3682 956 3761; x_wconf 89' lang='lat' dir='ltr'><strong>praesertim</strong></span> <span class='ocrx_word' id='word_1_277' title='bbox 975 3683 1004 3741; x_wconf 92' lang='lat' dir='ltr'><strong>iu</strong></span> <span class='ocrx_word' id='word_1_278' title='bbox 1024 3691 1158 3763; x_wconf 90' lang='lat' dir='ltr'><strong>promptu</strong></span> <span class='ocrx_word' id='word_1_279' title='bbox 1181 3684 1238 3742; x_wconf 92' lang='lat' dir='ltr'><strong>sint</strong></span> 
     </span>
     <span class='ocr_line' id='line_1_32' title="bbox 133 3787 1236 3871; baseline -0.005 -18"><span class='ocrx_word' id='word_1_280' title='bbox 133 3809 236 3853; x_wconf 90' lang='lat' dir='ltr'><strong>uersus</strong></span> <span class='ocrx_word' id='word_1_281' title='bbox 256 3791 388 3871; x_wconf 83' lang='lat' dir='ltr'><strong>quidam,</strong></span> <span class='ocrx_word' id='word_1_282' title='bbox 410 3809 468 3851; x_wconf 92' lang='lat' dir='ltr'><strong>uon</strong></span> <span class='ocrx_word' id='word_1_283' title='bbox 487 3790 528 3851; x_wconf 98' lang='lat' dir='ltr'><strong>illi</strong></span> <span class='ocrx_word' id='word_1_284' title='bbox 542 3787 656 3868; x_wconf 88' lang='lat' dir='ltr'><strong>quidem</strong></span> <span class='ocrx_word' id='word_1_285' title='bbox 679 3787 821 3849; x_wconf 89' lang='lat' dir='ltr'><strong>annalium</strong></span> <span class='ocrx_word' id='word_1_286' title='bbox 838 3798 905 3849; x_wconf 90' lang='lat' dir='ltr'><strong>nota</strong></span> <span class='ocrx_word' id='word_1_287' title='bbox 926 3790 1069 3868; x_wconf 77' lang='lat' dir='ltr'><strong>insigniti,</strong></span> <span class='ocrx_word' id='word_1_288' title='bbox 1090 3788 1143 3849; x_wconf 88' lang='lat' dir='ltr'><strong>sed</strong></span> <span class='ocrx_word' id='word_1_289' title='bbox 1161 3806 1236 3868; x_wconf 90' lang='lat' dir='ltr'><strong>quos</strong></span> 
     </span>
     <span class='ocr_line' id='line_1_33' title="bbox 133 3893 1236 3974; baseline -0.005 -14"><span class='ocrx_word' id='word_1_290' title='bbox 133 3917 197 3960; x_wconf 91' lang='lat' dir='ltr'><strong>eum</strong></span> <span class='ocrx_word' id='word_1_291' title='bbox 221 3908 251 3959; x_wconf 91' lang='lat' dir='ltr'><strong>et</strong></span> <span class='ocrx_word' id='word_1_292' title='bbox 272 3899 432 3960; x_wconf 84' lang='lat' dir='ltr'><strong>hexametri</strong></span> <span class='ocrx_word' id='word_1_293' title='bbox 454 3897 511 3958; x_wconf 89' lang='lat' dir='ltr'><strong>sint</strong></span> <span class='ocrx_word' id='word_1_294' title='bbox 528 3905 557 3956; x_wconf 92' lang='lat' dir='ltr'><strong>et</strong></span> <span class='ocrx_word' id='word_1_295' title='bbox 580 3893 771 3974; x_wconf 90' lang='lat' dir='ltr'><strong>philosophas</strong></span> <span class='ocrx_word' id='word_1_296' title='bbox 790 3897 954 3958; x_wconf 85' lang='lat' dir='ltr'><strong>contineant</strong></span> <span class='ocrx_word' id='word_1_297' title='bbox 976 3898 1151 3972; x_wconf 86' lang='lat' dir='ltr'><strong>sententias,</strong></span> <span class='ocrx_word' id='word_1_298' title='bbox 1179 3913 1236 3956; x_wconf 90' lang='lat' dir='ltr'><strong>uon</strong></span> 
     </span>
     <span class='ocr_line' id='line_1_34' title="bbox 132 4001 1234 4086; baseline -0.005 -19"><span class='ocrx_word' id='word_1_299' title='bbox 132 4008 226 4086; x_wconf 90' lang='lat' dir='ltr'><strong>aptius</strong></span> <span class='ocrx_word' id='word_1_300' title='bbox 249 4007 347 4085; x_wconf 89' lang='lat' dir='ltr'><strong>possis</strong></span> <span class='ocrx_word' id='word_1_301' title='bbox 370 4023 455 4086; x_wconf 87' lang='lat' dir='ltr'><strong>quom</strong></span> <span class='ocrx_word' id='word_1_302' title='bbox 473 4005 502 4064; x_wconf 92' lang='lat' dir='ltr'><strong>iu</strong></span> <span class='ocrx_word' id='word_1_303' title='bbox 517 4003 572 4066; x_wconf 88' lang='lat' dir='ltr'><strong>hac</strong></span> <span class='ocrx_word' id='word_1_304' title='bbox 594 4010 678 4082; x_wconf 87' lang='lat' dir='ltr'><strong>parte</strong></span> <span class='ocrx_word' id='word_1_305' title='bbox 699 4003 862 4084; x_wconf 86' lang='lat' dir='ltr'><strong>prohoemii</strong></span> <span class='ocrx_word' id='word_1_306' title='bbox 878 4003 1045 4063; x_wconf 89' lang='lat' dir='ltr'><strong>conlocare.</strong></span> <span class='ocrx_word' id='word_1_307' title='bbox 1081 4001 1126 4063; x_wconf 82' lang='lat' dir='ltr'><strong>Gi.</strong></span> <span class='ocrx_word' id='word_1_308' title='bbox 1143 4001 1234 4062; x_wconf 82' lang='lat' dir='ltr'><strong>liralr-</strong></span> 
     </span>
     <span class='ocr_line' id='line_1_35' title="bbox 132 4108 1232 4191; baseline -0.005 -17"><span class='ocrx_word' id='word_1_309' title='bbox 132 4131 219 4174; x_wconf 89' lang='lat' dir='ltr'><strong>uerus</strong></span> <span class='ocrx_word' id='word_1_310' title='bbox 239 4113 276 4174; x_wconf 94' lang='lat' dir='ltr'><strong>de</strong></span> <span class='ocrx_word' id='word_1_311' title='bbox 298 4116 394 4174; x_wconf 91' lang='lat' dir='ltr'><strong>causis</strong></span> <span class='ocrx_word' id='word_1_312' title='bbox 419 4130 496 4174; x_wconf 90' lang='lat' dir='ltr'><strong>corr.</strong></span> <span class='ocrx_word' id='word_1_313' title='bbox 519 4111 604 4189; x_wconf 75' lang='lat' dir='ltr'><strong>relig.</strong></span> <span class='ocrx_word' id='word_1_314' title='bbox 621 4109 704 4172; x_wconf 84' lang='lat' dir='ltr'><strong>llom.</strong></span> <span class='ocrx_word' id='word_1_315' title='bbox 728 4129 756 4191; x_wconf 91' lang='lat' dir='ltr'><strong>p.</strong></span> <span class='ocrx_word' id='word_1_316' title='bbox 770 4111 810 4171; x_wconf 81' lang='lat'><strong>43</strong></span> <span class='ocrx_word' id='word_1_317' title='bbox 834 4119 864 4171; x_wconf 90' lang='lat' dir='ltr'><strong>et</strong></span> <span class='ocrx_word' id='word_1_318' title='bbox 881 4110 1024 4188; x_wconf 76' lang='lat' dir='ltr'><strong>hergkius</strong></span> <span class='ocrx_word' id='word_1_319' title='bbox 1043 4108 1079 4169; x_wconf 92' lang='lat' dir='ltr'><strong>de</strong></span> <span class='ocrx_word' id='word_1_320' title='bbox 1101 4125 1232 4187; x_wconf 92' lang='lat' dir='ltr'><strong>prooem.</strong></span> 
     </span>
     <span class='ocr_line' id='line_1_36' title="bbox 131 4216 1232 4301; baseline -0.005 -20"><span class='ocrx_word' id='word_1_321' title='bbox 131 4220 253 4301; x_wconf 85' lang='lat' dir='ltr'><strong>Emped.</strong></span> <span class='ocrx_word' id='word_1_322' title='bbox 285 4238 315 4299; x_wconf 91' lang='lat' dir='ltr'><strong>p.</strong></span> <span class='ocrx_word' id='word_1_323' title='bbox 344 4220 395 4282; x_wconf 88' lang='lat'><strong>31.</strong></span> <span class='ocrx_word' id='word_1_324' title='bbox 441 4218 545 4298; x_wconf 89' lang='lat' dir='ltr'><strong>Neque</strong></span> <span class='ocrx_word' id='word_1_325' title='bbox 580 4221 608 4280; x_wconf 94' lang='lat' dir='ltr'><strong>in</strong></span> <span class='ocrx_word' id='word_1_326' title='bbox 636 4237 674 4280; x_wconf 91' lang='lat' dir='ltr'><strong>eo</strong></span> <span class='ocrx_word' id='word_1_327' title='bbox 705 4218 881 4280; x_wconf 90' lang='lat' dir='ltr'><strong>haerendum</strong></span> <span class='ocrx_word' id='word_1_328' title='bbox 918 4216 995 4296; x_wconf 91' lang='lat' dir='ltr'><strong>quod</strong></span> <span class='ocrx_word' id='word_1_329' title='bbox 1028 4233 1127 4295; x_wconf 90' lang='lat' dir='ltr'><strong>parum</strong></span> <span class='ocrx_word' id='word_1_330' title='bbox 1163 4233 1232 4276; x_wconf 90' lang='lat' dir='ltr'><strong>oon-</strong></span> 
     </span>
     <span class='ocr_line' id='line_1_37' title="bbox 131 4324 1232 4406; baseline -0.006 -15"><span class='ocrx_word' id='word_1_331' title='bbox 131 4331 215 4391; x_wconf 88' lang='lat' dir='ltr'><strong>oiuue</strong></span> <span class='ocrx_word' id='word_1_332' title='bbox 240 4329 269 4391; x_wconf 93' lang='lat' dir='ltr'><strong>io</strong></span> <span class='ocrx_word' id='word_1_333' title='bbox 291 4329 416 4390; x_wconf 88' lang='lat' dir='ltr'><strong>carmine</strong></span> <span class='ocrx_word' id='word_1_334' title='bbox 446 4329 531 4406; x_wconf 90' lang='lat' dir='ltr'><strong>epico</strong></span> <span class='ocrx_word' id='word_1_335' title='bbox 559 4324 743 4406; x_wconf 89' lang='lat' dir='ltr'><strong>pbilosophis</strong></span> <span class='ocrx_word' id='word_1_336' title='bbox 767 4324 905 4387; x_wconf 90' lang='lat' dir='ltr'><strong>doctrinis</strong></span> <span class='ocrx_word' id='word_1_337' title='bbox 927 4324 1023 4385; x_wconf 91' lang='lat' dir='ltr'><strong>locum</strong></span> <span class='ocrx_word' id='word_1_338' title='bbox 1046 4325 1232 4385; x_wconf 90' lang='lat' dir='ltr'><strong>concessisse</strong></span> 
     </span>
    </p>
   </div>
   <div class='ocr_carea' id='block_1_8' title="bbox 0 0 1496 5032">
    <p class='ocr_par' dir='ltr' id='par_1_9' title="bbox 0 0 1496 5032">
     <span class='ocr_line' id='line_1_38' title="bbox 0 0 1496 5032; baseline 0 6"><span class='ocrx_word' id='word_1_339' title='bbox 0 0 1496 5032; x_wconf 95' lang='lat' dir='ltr'><strong> </strong></span> 
     </span>
    </p>
   </div>
  </div>
 </body>
</html>
