3112 5040
264 469 401 520 cxxvnr
666 457 976 526 QVAESTIONES

262 647 311 686 sor
325 635 367 685 cst
379 628 482 700 sectus,
504 625 612 681 homine
633 627 817 682 inimicmsimo
837 630 867 682 in
886 642 984 698 compo
998 628 1088 682 stetim
1105 627 1186 680 rediit
1197 627 1227 680 in
1240 628 1367 697 pratum,

262 743 294 792 ut
310 747 452 790 commune
471 730 592 803 officium
607 747 743 787 censurae
763 735 899 788 cummuni
917 734 1008 787 animo
1029 747 1064 786 ec
1082 732 1220 786 uoluntate
1239 729 1368 802 defende-

264 834 348 898 rent?
372 836 503 912 Adparet
525 834 601 894 enim
623 851 639 892 a
661 830 806 893 Cicerone
831 834 887 892 dici
909 832 993 892 Ennii
1013 831 1150 906 annales,
1176 849 1261 908 quem
1283 833 1366 890 etiam

265 945 333 1005 alibi
361 957 498 1002 summum
528 946 644 1017 potitam
671 941 835 1000 nominauit.
886 938 958 998 Rem
986 940 1078 1016 ipsam
1093 945 1197 1007 ,autem
1227 956 1253 996 a.
1285 956 1312 995 n.
1342 955 1367 994 c.

264 1050 325 1110 573
351 1048 495 1108 accidisse
524 1044 595 1104 Liuii
622 1043 766 1104 beneficio
790 1044 838 1104 XL
864 1045 905 1103 46
927 1053 1050 1102 constat.
1095 1043 1140 1101 De
1169 1042 1300 1119 reliquiis
1323 1042 1370 1098 nix

265 1157 417 1232 quicquam
441 1151 620 1210 confidenter
642 1151 793 1210 adfirmes:
821 1167 939 1226 quarum
965 1166 1076 1227 paucae
1097 1146 1211 1224 (t-v)
1241 1165 1257 1206 e
1280 1144 1370 1204 Fuluii

265 1259 364 1320 Flacci
383 1257 472 1317 rebus
495 1274 565 1333 quas
590 1257 648 1316 illis
670 1257 750 1316 annis
770 1264 871 1314 contra
894 1252 1061 1314 Celtiberos
1082 1253 1176 1330 gessit
1202 1253 1370 1328 desumptae

266 1382 333 1423 esse
363 1372 494 1441 possunt.
540 1359 586 1420 Cf.
608 1361 705 1420 Liuius
727 1360 776 1420 XL
802 1360 851 1420 39.
875 1360 926 1419 40.

350 1467 389 1526 At
411 1465 447 1528 de
470 1468 539 1526 crisi
562 1484 697 1525 uersuum
713 1464 774 1525 426
790 1483 834 1542 sq.
855 1464 903 1524 hic
921 1464 1061 1542 quaedam
1084 1464 1213 1524 adiciam.
1244 1462 1371 1536 Quorum

265 1575 459 1652 posteriorem
471 1574 594 1650 ascripsi
610 1591 695 1651 quem
708 1571 859 1630 admodum
871 1569 1043 1628 Theodoms
1055 1569 1198 1646 Bergkius
1211 1569 1239 1628 in
1251 1586 1372 1628 censura

265 1678 344 1738 Festi
359 1676 540 1738 llluelleriani
553 1676 691 1755 (Ephem.
723 1676 776 1735 litt.
789 1675 854 1736 Hal.
869 1693 894 1734 a.
915 1673 1034 1735 184211
1050 1673 1127 1753 230)
1142 1675 1320 1735 emendarit:
1335 1675 1370 1733 de

266 1786 361 1844 altero
375 1786 468 1844 sentio
477 1803 552 1842 nnnc
567 1801 653 1843 secus
669 1791 756 1860 atque
771 1782 840 1842 olim
855 1800 919 1842 cum
934 1781 1096 1858 fragmenta
1112 1782 1282 1860 perscripsi.
1306 1779 1370 1854 Quo

267 1909 354 1950 uersu
370 1890 427 1949 duo
442 1891 619 1966 grammatici
642 1898 767 1964 utuntur,
789 1887 975 1963 Philargyrus
999 1888 1027 1946 in
1042 1886 1150 1964 Georg.
1173 1886 1213 1946 lV
1231 1884 1301 1963 188,
1325 1887 1371 1964 qui
1435 1957 1438 1961 .

268 2005 357 2057 toturn
378 1996 569 2073 fragmentum
590 1995 735 2054 exhibuit:
773 2015 828 2054 non
840 2004 956 2069 poscunt
971 2012 1097 2052 mussare
1124 1997 1189 2053 honi
1208 1998 1372 2069 quiscerem

266 2107 360 2164 tebore
379 2109 458 2162 enixi
476 2108 597 2162 mititiam
617 2120 771 2178 peperere,
793 2109 822 2158 et
840 2098 920 2158 reni
942 2098 1091 2159 breuiator
1112 2117 1141 2176 p.
1164 2101 1222 2159 144
1245 2100 1299 2159 Μ.;
1319 2120 1372 2159 nou

267 2213 344 2268 decet
369 2227 496 2268 mussare
517 2213 609 2268 honos.
653 2206 725 2266 Nam
746 2205 804 2264 hoc
825 2205 977 2264 frustulum
1000 2223 1057 2264 non
1086 2207 1299 2284 segregandum
1329 2215 1373 2265 est

268 2336 285 2376 a
307 2315 440 2376 uersibus
464 2313 639 2390 Philargyri:
668 2312 797 2371 editores
821 2310 935 2388 quidem
958 2312 1028 2371 illud
1058 2321 1201 2389 tamquam
1226 2312 1373 2390 proprium

268 2416 352 2478 Ennii
374 2419 564 2496 fragmentum
585 2427 751 2492 recensent,
771 2421 816 2475 hic
838 2418 1020 2494 pronomine,
1043 2436 1079 2476 ne
1095 2436 1231 2477 numerus
1251 2418 1372 2492 labatur,

268 2526 393 2584 inserto:
416 2545 471 2586 non
493 2528 627 2584 decethic
641 2547 676 2585 m.
692 2530 717 2584 t.
750 2523 832 2597 Quos
854 2521 1011 2582 Muellerus
1034 2525 1180 2600 uituperat
1199 2524 1235 2583 ad
1257 2523 1373 2582 Festum

269 2649 297 2708 p.
327 2628 387 2690 384
426 2639 455 2688 et
488 2627 642 2704 Berghius.
695 2626 750 2700 Qui
785 2629 932 2706 pristinam
963 2629 1024 2686 eins
1058 2647 1163 2688 uersus
1196 2632 1326 2707 speciem
1358 2645 1374 2686 a

268 2734 358 2794 Paulo
381 2732 453 2792 tradi
476 2733 616 2809 adfirmat,
641 2751 726 2812 quam
744 2734 900 2812 antiquitus
921 2735 1124 2810 grammaticus
1143 2735 1267 2812 qnidam,
1287 2753 1323 2793 ne
1346 2736 1374 2792 in

268 2840 438 2900 hexametro
461 2839 619 2898 trochaeus
642 2839 783 2915 offendat,
806 2842 1009 2917 intempestiue
1031 2841 1193 2901 mutauerit.
1238 2839 1310 2899 Nam
1333 2838 1374 2897 le-

268 2947 396 3023 gitimum
424 2961 491 3004 esse
520 2945 603 3021 primi
638 2946 721 3023 pedis
749 2945 933 3020 trochaeum,
965 2963 1050 3025 quem
1082 2945 1191 3006 Ennius
1221 2943 1375 3004 Homerum

269 3053 392 3112 imitatus
419 3067 477 3109 non
504 3064 570 3107 raro
597 3048 626 3107 in
654 3067 724 3109 suos
746 3051 933 3111 hexametros
954 3051 1110 3110 admiserit.
1155 3050 1194 3110 ht
1216 3052 1245 3111 id
1268 3051 1374 3110 uellem

268 3157 412 3234 Berghius
434 3153 609 3214 certioribus
638 3172 722 3232 qnam
750 3155 854 3234 quihus
881 3174 950 3215 usus
978 3165 1023 3216 est
1050 3156 1193 3234 exemplis
1221 3157 1373 3216 firmasset.

268 3262 382 3323 Etenim
405 3261 482 3339 quod
510 3259 584 3319 hunc
606 3279 722 3321 uersum
749 3263 883 3322 asciscit:
908 3267 1082 3321 conciscere
1103 3280 1207 3321 mecum
1227 3268 1376 3322 decernere

266 3372 348 3444 ferro
372 3367 414 3445 (11
436 3366 471 3425 fr.
493 3365 561 3446 xl),
582 3366 723 3426 refutatur
739 3367 776 3426 ab
798 3385 835 3426 eo
859 3367 905 3425 cui
927 3366 1066 3426 debemus
1092 3365 1282 3443 fragmentum
1299 3369 1374 3428 Pris-

270 3475 353 3534 ciano
377 3473 403 3533 X
424 3491 453 3550 p.
474 3471 535 3532 822
558 3473 588 3532 P.
608 3471 621 3530 l
639 3491 667 3550 p.
687 3471 748 3532 480
769 3471 832 3549 llo,
854 3474 902 3550 qui
926 3489 962 3530 eo
980 3469 1117 3548 exemplo
1142 3475 1373 3533 ‘uetustissimos

269 3579 355 3641 etiam
371 3578 545 3658 produxisse
560 3576 757 3655 perfectorum
778 3577 806 3634 in
826 3583 856 3636 ui
877 3576 1066 3636 desinentium
1086 3578 1283 3653 penultimam’
1308 3597 1375 3638 con·

270 3689 370 3748 firmat.
416 3685 461 3746 De
490 3683 582 3744 altero
605 3691 701 3742 autem
723 3700 810 3740 uersu
837 3686 971 3742 Tercuini
993 3701 1095 3757 corpus
1116 3686 1187 3743 bona
1206 3689 1312 3761 semina
1334 3691 1376 3744 te-

263 3799 309 3853 cit
328 3803 354 3852 ct
372 3797 455 3852 uncie
474 3789 530 3869 (lll
551 3789 587 3848 fr.
611 3788 694 3866 Vlll)
718 3788 786 3847 olim
808 3788 988 3848 intellectum
1015 3795 1134 3846 estnec
1157 3787 1302 3860 Tarquinii
1321 3803 1376 3844 nec

271 3899 348 3976 quod
384 3895 528 3973 Berghius
565 3893 656 3952 uoluit
687 3899 823 3969 Tarquini
853 3893 906 3952 sed
942 3897 1076 3952 Tercuini
1100 3890 1252 3969 probatam
1283 3889 1377 3949 Ennio

270 4003 391 4062 formam
411 4020 489 4061 esse.
520 3999 653 4078 Denique
676 3999 790 4058 tertium
811 3998 987 4058 uersiculum
1009 3999 1109 4058 nescio
1135 4015 1190 4074 qua
1205 3999 1377 4056 auctoritate

271 4105 414 4182 Berghius
441 4106 480 4166 ita
512 4106 659 4181 citauerit,
693 4109 818 4180 repletur
838 4106 972 4162 Imbrium
999 4108 1127 4179 fremitu:
1156 4102 1277 4161 Seruius
1303 4103 1378 4160 enim

272 4229 358 4288 quem
387 4211 436 4270 ille
464 4220 613 4271 auctorem
639 4210 766 4270 laudauit
794 4209 839 4287 (in
862 4209 969 4284 Georg.
996 4207 1009 4267 1
1037 4207 1279 4278 initiatorem:
1309 4225 1379 4282 aper

272 4321 395 4391 oppletus
415 4321 540 4375 imbrium
557 4321 685 4392 fremitu.-
720 4332 795 4392 quae
813 4331 898 4373 nemo
921 4314 1063 4374 annalium
1089 4330 1157 4372 esse
1181 4320 1304 4372 testatur
1322 4328 1378 4368 nec
