2984 5032
557 461 612 518 ΕΝ
619 461 725 518 NIAN
733 462 788 519 ΑΕ
818 475 819 480 ’
1097 477 1222 524 XXXVII

116 630 284 701 exortuque
303 625 379 685 inter
399 625 505 686 iratres
528 629 696 688 certamine.
717 628 792 714 Vide
803 629 991 691 Niebubrium
1011 629 1030 690 I.
1045 631 1063 690 l.
1081 631 1221 710 Sobweg·

116 730 211 791 lerum
237 729 256 790 Ι.
280 730 299 790 Ι.
323 749 352 809 p.
377 730 449 792 388.
913 732 915 736 ’

201 834 303 914 Itaque
323 835 462 898 Romulus
483 840 511 897 in
534 838 664 899 Palatino
685 839 786 902 urbem
809 845 916 904 extruit
944 861 979 904 ac
1007 861 1089 903 ururo
1119 843 1221 922 firmat,

115 944 326 1004 transilientem
344 942 464 1004 Remum
483 943 636 1005 obtruncat
657 945 701 1006 bis
723 945 822 1007 uerbis
845 947 963 1009 additis:
996 968 1047 1008 nec
1067 954 1119 1024 pol
1143 954 1221 1010 boram

114 1057 260 1128 quisquam
279 1053 367 1127 societ
390 1057 494 1128 inpune
512 1057 650 1112 animatas
671 1055 733 1112 Hoc
755 1051 887 1132 (LVIII).
938 1054 983 1114 Ad
1006 1062 1118 1133 raptum
1140 1055 1222 1117 Sabi-

116 1176 219 1218 nurum
240 1159 288 1236 qui
311 1165 393 1217 certo
417 1157 562 1218 referatur
585 1176 699 1233 uersus,
722 1177 795 1218 unus
816 1169 970 1238 superest
993 1159 1090 1239 (LX):
1119 1179 1156 1220 er
1180 1162 1221 1220 in-

117 1264 207 1324 certis
225 1263 282 1323 buc
304 1263 431 1342 pertinet
455 1262 582 1334 fortusse
596 1263 624 1323 V
640 1265 716 1324 conl.
739 1262 881 1340 Dionysio
900 1267 993 1328 Halic.
1019 1266 1117 1347 Antiq.
1137 1267 1220 1328 Rom.

117 1370 144 1433 II
167 1369 207 1430 32
227 1389 255 1449 p.
279 1368 465 1450 3031Retsk.
486 1361 526 1443 ὡς
548 1367 580 1430 dl
602 1364 747 1449 διεβοήθη
762 1361 799 1430 ad
829 1371 903 1453 accpi«
920 1364 976 1453 τὴν
999 1365 1137 1454 ἁρπαγὴν
1164 1377 1223 1435 τῶν

115 1475 278 1557 παρθένων
296 1473 348 1534 καὶ
368 1463 404 1534 τὰ
425 1473 491 1555 περὶ
509 1467 577 1548 τοὺς
595 1468 709 1555 γάμους
729 1473 770 1546 εἰς
788 1465 841 1548 τὰς
857 1474 1076 1559 πλησιοχώρους
1092 1472 1200 1553 πόλεις.

202 1583 262 1643 Ioui
282 1581 416 1642 Feretrio
439 1591 507 1658 post
528 1599 654 1660 pugnarn
675 1578 897 1641 Caeninensium
919 1585 1222 1663 templumaRcmulo

115 1690 301 1765 aedificatur,
338 1687 564 1746 uetustissimum
592 1685 713 1746 Romae.
768 1685 812 1746 Ila
840 1690 999 1750 occasione
1029 1691 1115 1752 ludos
1142 1693 1222 1769 Illos,

117 1814 192 1874 quos
219 1796 339 1856 Seruius
362 1793 391 1852 in
412 1791 519 1869 Georg.
544 1791 653 1853 11384
678 1790 773 1870 (LXI)
796 1793 941 1871 perhibet,
963 1798 1109 1857 institutos
1133 1799 1222 1859 aRo·

115 1902 195 1961 mulo
211 1900 399 1962 crediderim:
421 1916 567 1978 pompam,
586 1915 641 1977 qua
657 1900 685 1956 in
700 1897 800 1958 urbem
816 1900 967 1976 ingressus
980 1905 1026 1978 sit,
1047 1904 1223 1983 explicatius

115 2008 273 2083 Dionysius
289 2005 381 2064 Halic.
400 2005 497 2083 Autiq.
515 2004 598 2064 Rom.
615 2003 696 2066 1134
714 2023 742 2082 p.
761 2003 822 2064 307
841 2003 942 2066 ReIsk.
963 2019 1070 2084 narrat,
1095 2009 1223 2071 deludis

116 2110 196 2172 nibil.
232 2110 296 2170 Neo
317 2113 342 2170 si
365 2113 429 2188 quis
453 2110 489 2171 de
512 2112 637 2170 Statoris
658 2111 769 2189 templo
794 2111 873 2172 malit
889 2113 1037 2189 cogitare,
1062 2133 1120 2193 ego
1136 2117 1223 2176 iuter·

117 2218 228 2280 cedam.
270 2216 316 2277 Ad
335 2216 417 2294 ipsos
439 2224 534 2275 autern
557 2217 641 2276 ludos
663 2225 822 2294 praeeunte
841 2215 971 2293 Ilbcrgio
992 2219 1091 2281 reiero
1114 2231 1144 2281 et
1166 2223 1223 2283 boo

116 2339 133 2380 a
157 2320 262 2380 Seruio
285 2322 313 2379 in
333 2320 409 2380 Aen.
437 2320 561 2384 111384
585 2322 612 2379 in
635 2321 782 2399 pedestris
804 2323 896 2399 magis
920 2322 1058 2385 oratIonis
1081 2329 1222 2407 speciem,

117 2445 202 2505 quam
224 2429 252 2486 iu
272 2445 374 2486 uersus
395 2446 431 2488 ac
451 2428 535 2488 metri
559 2426 679 2488 formam
702 2437 848 2488 seruatum
870 2427 1078 2503 fragmentum:
1100 2434 1223 2504 confrac-

117 2541 189 2611 atquc
217 2540 274 2594 oleo
296 2540 393 2594 lentati
419 2544 446 2592 ct
464 2538 504 2592 ad
522 2555 603 2593 armo
622 2539 721 2608 parati
742 2530 850 2612 (LXII)
875 2541 903 2592 ei
924 2537 1072 2608 bellicrcpo
1095 2532 1222 2612 (LXIII),

118 2657 203 2718 quarn
227 2657 330 2700 uocem
356 2659 372 2700 a
398 2638 487 2700 Festo
516 2638 607 2719 (uide
632 2638 750 2698 Paulum
780 2655 808 2716 p.
837 2637 877 2698 35
903 2636 959 2716 II.)
991 2655 1028 2697 ex
1052 2637 1146 2698 Ennio
1174 2639 1224 2699 de·

118 2756 280 2826 promptam
303 2765 371 2807 esse
393 2745 427 2805 0.
452 2744 611 2805 Muellerus
635 2745 800 2822 suspicatus
823 2751 880 2802 est.

202 2852 248 2910 De
270 2851 350 2912 bello
370 2871 434 2912 curn
456 2853 528 2930 ipsis
550 2851 664 2912 Sabinis
685 2859 772 2928 gesto
795 2867 853 2908 non
875 2848 992 2908 multum
1015 2848 1085 2908 licet
1106 2867 1123 2908 c
1146 2849 1224 2926 frag·

117 2966 277 3018 mentorum
305 2960 444 3018 tenuitate
476 2957 638 3035 dispicere:
668 2958 696 3016 in
721 2956 828 3016 initium
849 2955 921 3014 belli
949 2954 1053 3030 relego
1076 2955 1146 3014 satis
1167 2972 1224 3014 am·

117 3063 223 3141 biguae
247 3073 278 3124 ut
307 3067 401 3124 sentio
430 3064 509 3124 sedis
535 3062 726 3137 fragmentum
753 3057 859 3118 LXIV:
893 3038 1031 3118 adiuuant
1059 3061 1225 3137 opinionem

118 3167 238 3230 Ouidius
260 3169 329 3230 Met.
354 3169 423 3230 XIV
445 3171 506 3232 779
535 3173 683 3242 Tatiusque
706 3174 862 3240 patresque
886 3168 983 3224 scuni
1010 3171 1090 3226 Bello
1115 3178 1223 3242 pertint.

118 3281 247 3352 arcaeque
266 3282 313 3336 ulo
334 3281 456 3352 Tarpeia
475 3279 584 3334 reclusa
601 3277 720 3347 Dionem
742 3274 862 3328 animam
880 3289 974 3343 poena
993 3278 1135 3348 conpenset
1149 3278 1228 3331 exuit

119 3386 216 3440 camb.
245 3383 320 3440 Inde
334 3387 389 3441 sati
402 3384 518 3441 Curibus
539 3385 683 3439 tacitorum
699 3394 776 3435 more
789 3380 918 3450 luporum
935 3379 989 3436 θνα
998 3388 1131 3453 premunt
1145 3395 1226 3436 noem

119 3497 146 3546 el
164 3507 318 3563 corporo
332 3494 432 3546 uictu
449 3504 579 3562 sopore
593 3486 792 3542 Incedunt:
808 3489 837 3540 cl
849 3479 1007 3556 Dionysius
1019 3480 1112 3543 Halic.
1126 3481 1223 3560 Antiq.

120 3591 204 3651 Rom.
228 3591 254 3650 II
274 3591 314 3653 38
337 3611 366 3671 p.
389 3591 449 3652 316
472 3591 573 3652 Reisk.
596 3577 704 3667 pedale
727 3582 758 3645 δὲ
779 3575 834 3662 τὴν
847 3578 1038 3667 παρασκευὴν
1051 3577 1150 3648 αὐτῶν
1166 3578 1225 3646 Tui-

119 3686 213 3768 τιοςὸ
236 3698 296 3756 τῶν
312 3695 453 3776 Σαβίνων
474 3686 611 3776 βασιλεὺς
632 3683 764 3762 νυκτὸς
792 3684 1005 3769 ἀναστήσας
1032 3683 1095 3752 τὸν
1123 3706 1226 3768 orpo-

119 3794 183 3862 τὸν
207 3787 271 3881 ἦγε
297 3793 359 3861 dud
382 3805 448 3881 τῆς
470 3794 597 3881 χώρας.
642 3797 786 3857 Incertius
811 3814 983 3876 quamquam
1006 3813 1063 3856 uon
1086 3797 1224 3872 ineptum,

120 3911 197 3988 quod
222 3909 316 3968 editor
334 3908 493 3988 Lipsiensis
520 3908 577 3967 boc
596 3922 683 3965 uersu
711 3887 766 3962 reu
785 3905 887 3962 detnde
902 3909 1000 3962 citatam
1012 3901 1151 3964 ‘Concedit
1167 3921 1227 3960 sese

121 4017 192 4094 (ino.
217 4014 279 4074 sed.
300 4013 356 4093 Vl)
379 4012 533 4073 Romulum
554 4011 702 4088 designari
720 3990 843 4088 putauit)
864 4010 913 4088 qui
935 4008 1035 4069 Iouem
1059 4011 1226 4085 inprecatus

121 4140 225 4198 magua
246 4121 274 4180 ui
296 4121 325 4178 iu
348 4120 449 4180 bostes
471 4119 600 4178 incurrit.
623 4114 669 4176 ct.
690 4115 786 4174 Liuius
810 4116 846 4176 ab
868 4115 940 4174 urbe
961 4115 1045 4174 cond.
1066 4115 1079 4174 I
1104 4112 1141 4172 12
1156 4118 1226 4174 boec

117 4237 253 4304 precatus
276 4271 282 4285 .
304 4271 311 4284 .
331 4271 338 4284 .
358 4232 503 4286 .rcstitere
523 4227 643 4283 Rotnani
668 4233 808 4298 tamquam
829 4227 941 4280 coelesti
958 4239 1027 4280 uoce
1044 4225 1124 4280 inan:
1147 4225 1227 4295 r'psc

121 4340 166 4394 od
181 4341 364 4410 primores
385 4337 557 4394 Romulus
573 4336 757 4408 prouolat.
800 4328 848 4389 Fr.
873 4327 949 4386 LXV
969 4326 1092 4387 Sabinas
1120 4328 1148 4387 iu
1168 4345 1227 4384 rue·
