3112 5040
621 1209 781 1292 LIBER
812 1207 827 1288 I

702 1413 716 1482 l
729 1411 746 1449 *

269 1531 379 1600 Varro
403 1532 444 1601 de
468 1555 504 1602 re
528 1532 651 1602 rustice
675 1531 689 1601 I
712 1542 739 1618 1,
759 1543 778 1601 4
801 1537 852 1602 ‘eI
875 1495 1030 1625 quonium
1052 1538 1088 1603 ut
1112 1535 1203 1604 aiunt
1225 1536 1277 1604 dei

165 1634 323 1702 facientes
343 1634 517 1721 adiuuant,
540 1636 633 1726 prius
656 1635 819 1704 inuoeebo
839 1659 899 1706 eos
921 1661 994 1707 nee
1017 1642 1058 1706 uI
1076 1638 1277 1706 Homerus

166 1740 206 1804 eI
226 1737 386 1806 Ennius
409 1739 549 1808 Musas
570 1738 629 1806 sed
651 1737 711 1806 XII
731 1738 813 1808 deos
836 1741 1025 1810 consentis:

692 1875 720 1944 II
733 1875 749 1912 *

261 1991 385 2086 'Musae
405 2014 491 2084 quae
509 1992 649 2083 pedibus
666 2015 825 2086 magnum
842 1994 982 2086 pulsatis
1001 1991 1167 2083 Olimpu'm

674 2129 716 2198 III
729 2127 770 2165 **
911 2117 919 2128 ’

269 2245 383 2315 Musas
401 2269 484 2340 quus
505 2245 583 2338 Graj
605 2253 805 2335 memorant,
833 2272 895 2319 uos
914 2248 1151 2320 Casmenarum

701 2387 750 2456 IV

257 2463 371 2572 ‘Latos
389 2525 450 2592 per
466 2504 611 2593 populos
630 2509 803 2598 terrasque
826 2509 980 2597 poemata
1000 2508 1116 2574 nostre

270 2604 367 2675 Clara
387 2605 551 2676 cIuebunI.

201 2804 317 2854 LlBEuI
354 2805 377 2852 II
399 2806 481 2855 Varro
501 2806 534 2855 de
553 2805 582 2854 L.
604 2806 633 2855 L.
651 2809 700 2858 VII
722 2807 757 2858 20
779 2809 813 2858 M.
844 2811 938 2860 ‘Enniz
967 2807 1140 2874 Areopagitae
1162 2802 1280 2868 quidem'

168 2889 190 2921 e.
203 2890 227 2935 q.
243 2889 264 2921 s.
286 2873 400 2922 ‘Musae'
417 2892 439 2924 e.
456 2891 480 2937 q.
498 2891 519 2924 s.
541 2876 655 2926 ‘caelum
669 2878 756 2926 dieunt
771 2877 861 2927 Graeci
876 2878 1028 2944 Olympum,
1053 2883 1165 2926 montem
1185 2875 1211 2922 iu
1228 2873 1281 2920 Ma-

167 2943 274 2991 cedonia
287 2943 388 2992 omnes'
410 2959 431 2992 e.
449 2961 473 3006 q.
490 2961 512 2993 s.
539 2944 662 3011 (hermi
680 2948 737 2996 Par.
757 2947 784 2996 b.
808 2949 905 2998 Ennii
925 2944 1016 3012 ceteri)
1038 2945 1145 2996 Seruius
1166 2944 1192 2991 in
1214 2943 1279 2990 Aen.

168 3011 203 3060 XI
220 3011 272 3062 660
294 3013 456 3077 ‘pulsuum
477 3015 573 3063 Ennius
593 3015 626 3064 ed
644 3016 744 3066 Muses:
766 3019 844 3080 quae'
864 3035 887 3068 e.
902 3034 927 3081 q.
942 3033 963 3067 s.
1036 3017 1072 3066 III
1097 3015 1178 3064 Varro
1200 3013 1232 3061 (Ie
1249 3010 1278 3060 L.

168 3081 197 3130 L.
219 3083 265 3131 VII
284 3083 318 3132 ‘26
338 3083 372 3132 Μ.
399 3087 510 3132 ‘cornua
533 3100 549 3133 a
570 3099 678 3136 euruore
701 3087 785 3145 dieta,
818 3087 888 3150 quod
907 3087 1030 3152 pleraque
1050 3097 1137 3133 curua.
1180 3080 1279 3130 Musus'

168 3167 190 3199 e.
207 3169 232 3214 q.
250 3167 271 3201 s.
297 3151 543 3202 ‘Casmeuerum
564 3156 677 3218 priscum
698 3157 853 3205 uocabulum
871 3157 907 3205 ite
925 3165 1011 3205 netum
1036 3170 1066 3203 ee
1088 3153 1210 3216 serIptum
1228 3149 1279 3198 est'

168 3235 190 3269 e.
204 3237 227 3283 q.
239 3237 261 3270 s.
279 3221 500 3288 (camenarum
514 3222 580 3271 Flor.
598 3239 797 3274 camerarum
813 3225 952 3274 Goth.Per.
964 3241 988 3284 e,
1003 3223 1144 3273 om.IIeuu.
1161 3233 1281 3268 eume-

168 3304 277 3340 nerum
298 3291 355 3340 Par.
374 3290 406 3356 b)
430 3293 511 3341 Ennio
528 3291 644 3359 Scaliger
661 3295 766 3343 tribuit:
797 3310 854 3343 cum
875 3295 1007 3359 superIore
1031 3291 1163 3341 coniunxit
1183 3287 1281 3337 Merula

237 3361 272 3409 IV
290 3361 388 3410 Probus
401 3376 427 3426 p.
445 3363 508 3413 1401
521 3363 548 3411 P.
566 3362 613 3428 (57
628 3361 719 3429 Liud.)
736 3367 838 3413 ‘neutro
851 3379 945 3431 genere
958 3363 984 3412 In
997 3362 1099 3411 casibus
1112 3357 1280 3424 supradietis’

126 3485 129 3492 .
168 3429 219 3495 (sc.
235 3445 303 3479 nom.
319 3428 427 3490 etune.)
447 3433 517 3481 ‘siue
532 3432 699 3500 ambiguitate
713 3434 800 3484 breuis
814 3435 866 3484 est’
882 3433 933 3502 (se.
950 3449 965 3483 a
981 3429 1078 3496 littere)
1098 3427 1218 3480 ‘Graecis
1231 3426 1281 3476 Le-

212 3611 228 3663 l
253 3621 333 3689 musp
347 3605 426 3662 Flor.
513 3605 654 3677 OIImpum
668 3608 749 3662 I'lor.
765 3605 916 3677 Olympum
936 3605 1022 3660 ceteri
1041 3601 1189 3666 Varronis,
1213 3597 1281 3654 Ser-

168 3691 232 3744 uius
336 3695 354 3748 2
376 3705 473 3744 curua.
493 3690 589 3746 Musas
604 3707 674 3762 quas
686 3689 819 3762 Scaquer.
835 3705 985 3745 curuamus
1002 3690 1157 3756 (curuanus
1169 3684 1282 3749 Pam)

170 3789 203 3828 ae
226 3775 269 3843 (at
282 3772 379 3828 Haun.
400 3773 437 3828 ad
451 3773 523 3829 Par.
539 3774 568 3843 b)
591 3791 661 3846 quas
683 3776 770 3845 (quae
791 3773 862 3828 Par.
876 3791 894 3828 α
909 3773 938 3841 b)
961 3773 1031 3828 lieri.
1057 3787 1154 3826 curua.
1183 3769 1281 3823 Musae

170 3875 240 3930 quas
260 3857 421 3930 Spenyelius
505 3857 569 3931 Graj
592 3875 645 3915 om.
666 3857 738 3912 lius.
758 3865 914 3913 memorant
934 3857 999 3913 Grai
1022 3855 1053 3912 0.
1068 3853 1220 3910 Muellerus
1275 3905 1279 3912 .

211 3943 459 4000 memoratum.
545 3961 597 4000 nos
620 3942 831 4012 Casmenarum]
854 3959 940 3998 nosce
966 3959 1017 3996 nos
1041 3943 1072 3996 ee
1095 3939 1175 3996 Flor.
1196 3952 1281 3992 nosce

170 4045 222 4084 nos
240 4045 305 4083 esse
322 4028 393 4083 Par.
408 4027 462 4082 ab.
481 4045 566 4084 nosse
585 4045 636 4083 nos
652 4045 717 4084 esse
734 4027 812 4084 Goth.
832 4045 918 4084 nosse
939 4043 1003 4082 esse
1018 4025 1114 4080 Haun.
1134 4021 1282 4078 Casmena-

170 4131 231 4168 rum
242 4115 306 4168 add.
315 4113 486 4186 Spmqelius.
498 4129 550 4169 nos
559 4115 672 4168 nomme
681 4111 881 4168 Casmenarum
895 4109 1095 4166 &Muellerum
1111 4125 1163 4162 nos
1175 4107 1282 4160 ciemus

171 4214 218 4253 sas
234 4197 386 4253 Casmenas
404 4198 439 4252 Α.
453 4197 577 4254 Kocht'us
588 4197 695 4253 Exere.
711 4199 773 4253 erit.
788 4197 906 4252 Bonnae
921 4200 989 4254 1851
1003 4199 1067 4264 μδ
1171 4197 1189 4251 3
1211 4192 1282 4245 latos

171 4297 221 4352 per
240 4285 360 4353 popqus
381 4284 486 4355 tempsi
498 4299 561 4339 eum
575 4281 615 4337 Η.
629 4280 760 4355 Ilberyu'o.
788 4297 853 4336 nem
868 4282 940 4336 letos
954 4280 1076 4352 populos
1090 4274 1199 4333 Probus

171 4371 314 4437 terrasque
335 4366 374 4422 Η.
388 4366 535 4440 Ilberpoe'toe.
554 4384 601 4424 res
622 4373 704 4439 atque
726 4366 835 4422 Probus
942 4370 961 4423 4
982 4359 1117 4418 clarell.
1138 4358 1282 4434 Ilberyt'ue

1032 4457 1077 4522 1.
