2984 5032
272 463 346 510 xxx
674 455 978 525 QVAESTtONES
999 521 1003 532 ,

271 625 434 696 aepdapcntr'
458 629 524 680 11111
541 625 629 696 paula
647 627 717 698 phar
740 635 789 684 aot
811 631 997 701 111111111ηηί,
1021 627 1142 703 Augusta
1163 631 1302 703 augurio
1322 634 1409 700 post—

271 749 355 804 quam
383 732 477 788 11111111
506 731 615 788 ceadda
649 732 738 790 Rama
761 743 818 805 eat,
851 753 927 815 quae
955 751 1019 797 cnm
1045 733 1133 811 uolgo
1162 735 1217 812 ipsi
1251 731 1411 793 conditae

272 833 353 896 urbia
376 833 531 895 narrationi
553 835 741 917 subiciantur,
755 853 887 921 «propter
908 843 1021 904 nimiam
1049 839 1279 918 ambiguitatem
1314 837 1411 896 maloi

276 942 304 1002 in
326 941 445 1002 incertis
467 940 636 1019 fragmentis
658 947 731 1025 (ino.
751 948 814 1009 sed.
837 947 931 1029 Xlll)
949 948 1065 1029 adponi.
1103 945 1156 1007 llla
1169 946 1267 1024 igitur
1280 954 1411 1022 tempo·

277 1065 339 1110 rum
360 1047 557 1128 descriptione
584 1059 674 1130 poeta
702 1053 824 1134 amplius
850 1055 970 1118 saeculo
996 1075 1012 1116 a
1040 1064 1161 1135 recepta
1185 1052 1410 1113 Romanorum

280 1156 491 1217 consuetudine
513 1159 641 1220 recedit:
662 1163 739 1241 quod
761 1181 797 1224 111
819 1165 883 1244 quis
905 1164 1079 1242 ignorationi
1096 1172 1144 1224 ant
1173 1159 1412 1239 neglegentiae

276 1260 381 1324 eruditi
403 1269 510 1342 poenas
532 1267 705 1346 ascriberet,
728 1269 903 1332 Niebuhrius
922 1271 995 1332 Hist.
1022 1270 1104 1330 Rom.
1122 1268 1134 1329 l
1153 1283 1181 1348 p.
1199 1269 1266 1330 300
1289 1277 1326 1327 et
1344 1265 1410 1327 315

276 1369 386 1449 duplici
408 1372 574 1452 explicandi
594 1377 706 1438 ratione
728 1380 880 1459 proposita
899 1377 985 1438 cauit.
1022 1377 1136 1438 Etenim
1154 1375 1286 1436 Ennium
1307 1372 1408 1450 cycli·

278 1493 331 1538 cos
353 1495 443 1540 anuos
460 1479 488 1540 h.
506 1501 533 1540 e.
557 1484 605 1561 qui
627 1484 766 1546 denorum
788 1487 927 1547 mensium
950 1494 1050 1547 essent
1068 1484 1183 1547 calculo
1203 1481 1408 1554 adhibuisse,

278 1586 412 1664 quoniam
441 1590 618 1667 septingenti
647 1593 752 1668 cyclici
784 1593 848 1654 lere
880 1595 1100 1673 quingentorum
1137 1593 1297 1671 octoginta
1339 1586 1405 1648 uul-
1471 1595 1472 1638 1

278 1694 389 1769 garinm
422 1711 569 1758 nnmerum
599 1709 778 1779 exaequant:
812 1710 860 1762 aut
888 1721 926 1762 ex
952 1703 1086 1781 ‘antiqua
1114 1700 1238 1763 formula
1269 1694 1405 1760 Latina'

279 1809 427 1863 trecentos
464 1805 579 1883 triginta
611 1816 671 1866 tres
703 1823 793 1868 anuos
827 1809 902 1869 inter
927 1807 1033 1870 Troiae
1067 1807 1174 1868 exitum
1211 1817 1241 1868 et
1281 1806 1405 1866 initium

281 1905 391 1970 Romae
425 1922 609 1990 computasse
640 1913 819 1994 opinabatur.
877 1916 916 1977 At
948 1915 1026 1978 illam
1056 1915 1212 1978 deliniendi
1243 1911 1405 1992 temporis

280 2017 420 2078 rationem
450 2017 534 2080 Ennii
566 2032 661 2083 aetate
697 2022 844 2084 exoletam
872 2024 986 2085 omuino
1021 2028 1049 2086 in
1077 2043 1159 2085 usum
1189 2039 1306 2082 uocare
1339 2035 1401 2078 non

282 2122 389 2186 debuit.
435 2124 530 2188 Varro
563 2130 678 2209 quidem
711 2149 775 2190 curn
800 2131 1032 2211 reprehenderet
1064 2130 1203 2206 Ennium,
1240 2145 1306 2190 non
1342 2123 1402 2184 nisi
1470 2137 1472 2234 p

281 2231 318 2293 de
347 2235 429 2292 aunis
461 2237 659 2298 communibus
690 2237 850 2299 sentiebat:
887 2257 982 2319 neque
1011 2255 1084 2300 uero
1118 2239 1183 2300 allis
1211 2255 1295 2296 usum
1325 2247 1399 2292 esse

284 2347 402 2418 puttam
434 2338 611 2403 Censorinus
645 2341 681 2404 de
713 2344 760 2404 die
795 2354 851 2406 nat.
887 2363 912 2405 c.
946 2344 983 2405 19
1018 2364 1048 2426 p.
1078 2344 1227 2406 111111.
1263 2348 1397 2403 testatur
1470 2327 1472 2434 1

285 2448 358 2526 (inc.
384 2447 434 2510 lib.
465 2443 635 2530 xxxma:
668 2455 721 2511 lnce
750 2462 855 2530 tempas
881 2452 939 2531 (sc.
970 2453 1075 2532 annus)
1098 2461 1164 2530 quot
1186 2455 1296 2510 11111111
1324 2453 1399 2508 esset
1471 2453 1472 2460 ’

243 2591 248 2602 ·
285 2561 324 2615 ad
346 2567 449 2617 certam
471 2564 590 2620 nondam
618 2565 750 2638 astrologi
771 2567 899 2638 reperire
919 2567 1077 2638 potueram.
1119 2561 1262 2619 Philolaus
1284 2573 1396 2616 annam

184 2745 191 2754 .
283 2670 440 2724 naturalem
477 2670 535 2726 dies
565 2671 668 2726 babere
697 2673 820 2743 prodidit
839 2665 1010 2730 oootxttt
1034 2709 1041 2724 .
1065 2711 1070 2725 .
1095 2712 1101 2726 .
1125 2709 1133 2726 .
1155 2675 1186 2725 at
1211 2673 1308 2724 noster
1332 2665 1394 2720 En-

283 2775 535 2833 1110011111.
581 2771 625 2834 ot.
654 2774 686 2834 E.
717 2767 1293 2853 1111111111111111111111.1111.482.
1341 2766 1393 2828 nl·

284 2886 347 2938 tera
368 2876 518 2939 Niebuhrii
539 2882 624 2958 ratio,
648 2899 731 2962 quarn
754 2882 960 2961 simpliciorem
982 2882 1047 2958 ipsc
1079 2879 1248 2957 arbitratur,
1280 2889 1315 2940 ut
1347 2885 1394 2938 est

285 2985 446 3064 simplicior
467 3005 502 3047 ac
524 2987 705 3066 probabilior
726 2989 774 3048 uel
802 3005 857 3066 eo,
888 2987 966 3067 quod
994 2988 1019 3047 is
1047 2995 1242 3048 trecentorum
1269 2987 1390 3066 triginta

286 3093 369 3152 trium
392 3110 530 3154 annorum
551 3112 686 3155 numerus
708 3093 774 3155 huic
798 3103 904 3175 poetae
925 3095 1039 3154 minime
1061 3095 1219 3173 peculiaris
1242 3104 1325 3180 esset
1346 3093 1388 3153 iu·
1471 3081 1473 3170 1

286 3209 384 3278 turus,
421 3201 459 3262 ita
486 3219 523 3262 ne
552 3201 664 3262 leniora
688 3203 824 3281 attingam
853 3207 917 3284 ipsa
942 3200 1025 3262 Ennii
1055 3203 1140 3281 poesi
1167 3201 1327 3262 euertitor:
1366 3199 1391 3260 si

286 3309 402 3388 quidem
430 3325 530 3369 uemm
560 3317 621 3384 est,
652 3313 730 3389 qnod
759 3331 846 3392 supra
874 3311 1039 3385 statuimus,
1073 3308 1225 3369 Romulum
1251 3317 1388 3388 nepotem
1472 3281 1473 3354 1

287 3415 377 3476 iuuisse
399 3415 519 3478 Aeneae
541 3435 597 3478 nec
619 3418 739 3497 amplius
763 3420 967 3499 quinquaginta
988 3417 1069 3477 annia
1090 3416 1126 3477 ab
1144 3417 1259 3476 interitu
1282 3415 1390 3476 'lroiae

288 3521 399 3584 Romae
418 3525 558 3603 originem
579 3523 697 3584 aluisse.
740 3523 780 3584 Vt
799 3526 886 3603 igitur
906 3523 1025 3602 Ennius,
1050 3541 1106 3604 quo
1125 3524 1189 3586 anni
1212 3521 1388 3604 septingenti

288 3629 491 3708 efficerentur,
525 3630 635 3692 Romae
663 3631 742 3693 orbis
767 3633 849 3692 initia*
872 3649 909 3692 ne
937 3647 1003 3691 raro
1031 3631 1145 3711 quidem
1174 3633 1223 3694 nel
1250 3631 1387 3712 singulari
1472 3667 1473 3688 1

290 3739 426 3817 exemplo
448 3740 476 3800 in
494 3738 589 3799 medio
612 3739 730 3800 saeculo
756 3755 833 3801 nono
863 3739 1010 3818 posuerit,
1042 3755 1078 3799 ne
1098 3739 1141 3798 sic
1168 3739 1283 3819 quidem
1309 3749 1387 3801 ratus

290 3845 326 3907 ab
347 3846 422 3905 omni
444 3854 527 3925 parte
549 3845 677 3906 calculus
700 3847 805 3908 euadit.
849 3845 1060 3907 Eratosthenes
1084 3847 1159 3905 eninr
1189 3865 1252 3908 cum
1272 3845 1385 3908 Troiam

291 3963 402 4033 captam
426 3952 675 4014 1111111841.
697 3951 1042 4029 cinnamomino,
1066 3951 1145 4012 illurn
1168 3953 1192 4012 si
1213 3955 1387 4034 sequebatur

290 4058 416 4136 Ennius,
445 4077 629 4139 consequens
651 4068 696 4119 est
709 4059 776 4119 inde
799 4059 835 4121 ab
858 4079 894 4124 eo
917 4069 1049 4141 tempore
1072 4060 1107 4120 ad
1131 4066 1238 4139 poetae
1266 4071 1385 4124 aetatem

292 4183 349 4225 non
367 4165 569 4246 septingentos
590 4166 642 4228 sed
664 4166 743 4227 mille
769 4167 887 4228 circiter
914 4185 1005 4228 annos
1033 4169 1246 4228 intercessisse.
1286 4167 1384 4246 Neque

291 4282 386 4334 tamen
416 4274 555 4336 credibile
584 4283 629 4336 est
654 4293 748 4334 rernm
770 4275 944 4336 Graecarum
975 4273 1178 4354 peritissimum
1207 4281 1324 4356 poetam
1351 4272 1383 4334 ab

174 4423 181 4448 1
292 4381 487 4445 Eratosthene
517 4391 603 4461 atque
629 4383 704 4443 adeo
723 4383 778 4443 iarn
802 4389 868 4442 ante
891 4381 1112 4442 Eratosthenem
1139 4380 1175 4442 ab
1196 4380 1262 4442 aliis
1282 4379 1382 4442 consti·
