3070 5032
773 415 914 474 SOTAE

789 613 906 688 SOTA

841 767 855 837 1

395 877 495 946 'lbani
515 873 633 944 malaci
651 872 741 942 uiere
759 870 937 941 Veneriam
957 869 1124 941 corollam.

396 1142 713 1163 ......
767 985 891 1180 01111116
913 1087 992 1158 boui
1011 1087 1200 1158 merendam

394 1306 502 1377 'Alius
524 1305 662 1377 inmari
682 1305 753 1375 uult
774 1307 896 1399 maguti
918 1309 1031 1376 tenere
1052 1304 1192 1375 tonsam.

294 1509 363 1572 quod
382 1507 418 1557 ait
437 1507 481 1557 ille
494 1507 603 1559 Romani
621 1507 741 1557 carminis
755 1509 854 1574 primns
867 1517 967 1568 auctor,
993 1522 1008 1555 a
1027 1505 1097 1556 sole
1117 1506 1290 1556 exoriente
1316 1505 1422 1554 adus-

294 1595 353 1642 que
375 1577 515 1628 Maeotis
538 1576 693 1641 paludes,
718 1578 745 1628 id
765 1593 832 1627 nunc
850 1577 952 1642 longius
975 1576 1128 1641 longiusque
1149 1574 1307 1642 protendere
1336 1573 1420 1623 licet.'

293 1647 390 1698 Seneca
404 1647 485 1712 Epist.
498 1645 584 1695 XVIII
598 1647 613 1696 5
626 1644 714 1712 (108),
731 1647 764 1698 34
784 1647 901 1698 ‘felicem
922 1646 1014 1695 deinde
1036 1661 1064 1694 se
1082 1653 1169 1710 putat,
1190 1643 1259 1708 quod
1281 1645 1420 1692 inuenerit

292 1717 361 1767 unde
374 1717 458 1765 uisum
480 1717 513 1765 sit
525 1716 642 1780 Vergilio
665 1716 764 1766 dicere:
785 1732 859 1780 quem
879 1730 956 1781 super
972 1717 1062 1780 Ingens
1077 1715 1152 1764 Porta
1168 1722 1238 1764 tonat
1251 1712 1335 1766 caeli.
1367 1714 1420 1762 En-

244 1835 249 1844 ,
292 1787 376 1836 nlum’
395 1784 747 1852 (EnniuspleriqueIIbri.
763 1787 893 1836 Emnins
910 1785 964 1834 Pal.
983 1784 1006 1833 l.
1028 1783 1164 1833 Cluuius
1182 1783 1235 1832 Pal.
1252 1784 1271 1831 4
1292 1781 1419 1844 Gruteri)

294 1855 357 1906 ‘hoc
371 1855 406 1904 ait
420 1855 528 1906 Homero
542 1854 716 1919 subripuisse,
736 1855 818 1904 Ennio
832 1855 984 1920 Vergilium.
1014 1854 1077 1902 Esse
1092 1855 1158 1903 enlm
1172 1853 1241 1920 apud
1256 1851 1418 1902 Ciceronem

293 1925 320 1974 in
331 1925 373 1974 his
386 1925 451 1990 ipsis
462 1923 495 1973 de
510 1938 537 1973 re
551 1923 655 1987 publica
669 1923 742 1973 libris
757 1924 806 1973 hoc
819 1926 979 1991 epigramma
990 1924 1069 1972 Enni:
1089 1923 1112 1972 si
1124 1923 1176 1972 fas’
1192 1940 1215 1973 e.
1230 1939 1255 1985 q.
1274 1937 1297 1971 s.
1316 1921 1418 1988 (epi-

293 1993 471 2061 grammati.
493 1993 665 2042 nisiBamb.
684 1994 960 2058 epigrammaest:
981 1992 1043 2040 nisi
1064 1991 1215 2042 uuellest.
1233 1987 1271 2055 θ)
1297 1990 1417 2040 Lactan-

292 2061 407 2113 tiusDiu.
417 2064 476 2112 Inst.
489 2063 499 2114 I
510 2079 532 2114 c.
541 2060 572 2113 18
588 2063 626 2110 ‘si
640 2063 696 2124 quis
709 2078 787 2112 unum
801 2064 930 2113 hominem
946 2061 1109 2127 Iugulauerit,
1125 2077 1172 2126 pro
1188 2061 1369 2110 contammata
1385 2075 1416 2108 ac

293 2132 391 2182 nefario
410 2131 518 2181 hebetur
605 2131 649 2181 ille
665 2139 748 2181 autem
762 2134 805 2196 qui
825 2132 922 2182 infinita
936 2131 1067 2182 hominum
1080 2131 1152 2180 milia
1166 2130 1337 2180 trucidauerit
1355 2165 1414 2178 ....

293 2217 343 2251 nou
362 2200 438 2251 modo
457 2202 483 2249 iu
502 2200 625 2264 templum
645 2201 692 2249 sed
713 2202 789 2250 etiam
809 2202 835 2250 in
853 2201 951 2251 caelum
972 2201 1121 2250 admittitur.
1148 2200 1225 2265 Apud
1238 2199 1356 2248 Ennitam
1376 2200 1415 2246 sic

293 2271 405 2333 loquitur
420 2269 569 2319 Africanus:
591 2267 626 2333 [9.
645 2267 704 2333 10];
732 2271 830 2320 scilicet
847 2271 908 2333 quia
925 2284 1044 2334 magnam
1059 2277 1158 2335 partem
1175 2269 1279 2334 generis
1299 2269 1414 2318 humani

293 2339 403 2390 extinxit
421 2354 450 2388 nc
462 2338 584 2403 perdidit.
616 2336 750 2402 Oquantis
764 2341 789 2388 in
804 2340 914 2390 tenebris
924 2339 1045 2388 Africano
1057 2347 1173 2388 uersatus
1186 2338 1227 2387 es!
1253 2337 1412 2403 ncipatum,

293 2425 308 2460 o
325 2412 415 2475 poeta,
436 2408 479 2471 qui
492 2422 539 2474 per
551 2408 641 2457 caedes
656 2415 679 2457 et
694 2411 844 2474 sangninem
859 2416 946 2474 patere
958 2408 1105 2458 hominibus
1119 2409 1145 2456 in
1158 2408 1255 2457 caelum
1268 2422 1411 2457 ascensum

292 2479 442 2546 putaueris.’
485 2477 622 2527 Coniunxit
646 2479 756 2528 disticha
780 2479 895 2544 ScaIIger
921 2477 1000 2528 Gatal.
1025 2493 1051 2542 p.
1077 2477 1125 2528 187
1420 2471 1425 2482 '

328 2548 403 2598 Sors
443 2549 453 2596 I
472 2548 553 2596 Varro
567 2547 599 2596 de
612 2546 641 2595 L.
655 2546 685 2597 L.
704 2547 774 2598 V62
789 2549 822 2598 M.
842 2548 916 2613 ‘ipsa
934 2563 950 2596 a
968 2548 1085 2596 uinctura
1104 2546 1197 2595 dicitur
1214 2544 1301 2592 uieri
1321 2543 1352 2592 id
1372 2550 1411 2591 est

293 2618 399 2678 niueiri,
419 2632 435 2666 a
452 2630 501 2680 quc
521 2617 599 2665 estin
614 2615 674 2665 Sota
689 2617 754 2666 Enni
774 2619 825 2666 ...’
849 2617 900 2683 (in
918 2625 988 2666 sota
1009 2616 1068 2665 libri
1088 2631 1144 2665 cum
1162 2615 1229 2664 Flor.
1251 2614 1284 2661 in
1300 2614 1409 2662 Asoto

293 2687 396 2736 Aldina.
419 2687 450 2734 in
465 2684 619 2734 Sotadico
640 2684 769 2751 Scaliger)
810 2686 899 2735 Festus
914 2701 940 2750 p.
955 2683 1006 2735 375
1020 2685 1053 2734 M.
1075 2685 1179 2734 ‘uiere
1197 2683 1305 2748 alligare
1323 2683 1409 2747 signi-

293 2756 364 2815 ficat,
387 2763 415 2804 ut
431 2754 475 2803 hic
492 2769 583 2803 uersus
603 2754 772 2804 demonstrat:
798 2755 880 2804 ibant'
900 2772 922 2804 e.
942 2771 967 2817 q.
988 2770 1009 2803 s.
1037 2755 1191 2805 Censorinus
1210 2752 1303 2818 fragm.
1326 2767 1350 2800 c.
1376 2751 1408 2798 14

293 2841 320 2891 p.
337 2824 371 2875 95
384 2824 458 2873 Jahn.
479 2824 592 2872 ‘lonicus
604 2825 777 2889 septenarius:
793 2826 874 2874 ibaut'
895 2841 917 2873 e.
933 2840 957 2885 q.
975 2839 996 2872 s.
1069 2825 1092 2872 Il
1110 2825 1203 2873 Paulus
1213 2821 1281 2870 Festi
1292 2819 1363 2886 pes
1372 2819 1405 2868 M.

295 2894 428 2958 ‘Cyprio
447 2893 523 2942 boui
544 2894 723 2943 merendam
739 2895 835 2942 Ennius
852 2893 1122 2942 Sctadicouersu
1147 2907 1204 2942 cum
1219 2891 1298 2950 dixit,
1323 2889 1406 2954 signi·
1482 2949 1483 2970 Χ

293 2963 379 3014 necuit
402 2961 429 3011 ld
444 2962 513 3024 quod
534 2962 598 3012 solet
612 2961 667 3012 fieri
687 2964 713 3012 ln
732 2959 815 3012 insula
828 2963 927 3029 Cypro,
954 2963 980 3011 in
998 2978 1049 3026 qua
1065 2963 1146 3012 boues
1161 2963 1271 3011 humano
1292 2966 1406 3008 stercore

293 3032 449 3101 pascuntur.¹
520 3032 554 3080 III
577 3031 666 3082 Festus
688 3047 714 3098 p.
736 3032 787 3084 356
808 3033 842 3081 M.
871 3035 1010 3081 ‘tonsam
1028 3033 1125 3081 Ennius
1146 3029 1273 3098 significat
1295 3043 1404 3086 remum,

293 3207 370 3279 Lips.
387 3205 449 3261 Pal.
473 3204 540 3260 Vter.
556 3207 632 3274 (item
645 3205 774 3262 Pithoeus
788 3207 860 3262 Atiu-
878 3206 899 3262 I
915 3209 960 3274 Il)
976 3213 1002 3261 et
1015 3208 1069 3261 nisi
1081 3197 1154 3277 duod
1167 3206 1330 3262 coelestlum
1345 3205 1403 3260 Re·

292 3290 481 3364 gio-Putenn.
495 3289 639 3344 Lactantii.
658 3291 711 3346 nisi
727 3292 769 3346 las
785 3291 857 3346 endo
872 3293 973 3363 plagas
989 3291 1142 3347 caelestum
1157 3291 1254 3346 Bamb.
1271 3289 1403 3357 Senecae,

294 3377 333 3448 cf.
348 3391 446 3448 snpra.
467 3375 491 3429 si
508 3374 636 3429 laniendo
651 3375 751 3448 plagas
767 3377 919 3430 coelestum
934 3381 991 3430 tres
1008 3376 1077 3446 Reg.
1099 3382 1126 3430 et
1140 3375 1212 3431 Colo.
1227 3377 1325 3446 nlit'qne
1340 3374 1406 3428 libri

294 3461 372 3516 noct
393 3460 447 3512 nisi
467 3459 596 3513 faciendo
616 3460 716 3530 plagas
736 3460 898 3514 coelestium
913 3459 1013 3519 Pars
1033 3459 1096 3514 Pal.
1113 3465 1129 3517 l
1146 3460 1264 3515 Gruteri.
1287 3459 1340 3512 uisi
1362 3461 1404 3512 Ia-

295 3544 396 3600 ciendo
418 3543 578 3610 celestium,
600 3560 652 3597 om.
673 3544 789 3615 plagas,
814 3543 902 3615 Guelf.
926 3560 960 3598 ne
977 3545 1104 3600 iaciendo
1120 3546 1220 3616 plagas
1238 3544 1403 3598 caelestium

294 3629 386 3686 Pul-4
403 3627 520 3684 Gruteri.
537 3628 563 3681 ni
581 3627 710 3682 iaciendo
725 3629 782 3696 (Ias
800 3645 864 3684 esse
880 3645 916 3682 m.
931 3629 993 3697 alt.)
1006 3630 1105 3700 plagas
1121 3630 1271 3684 coelestum
1288 3627 1367 3682 Alex.
1375 3645 1402 3682 τ.

295 3730 351 3768 non
368 3715 411 3767 Ias
434 3728 497 3766 esse
521 3713 580 3780 (nel
594 3715 692 3780 omne)
712 3714 812 3784 plagas
830 3715 981 3769 caelestum
1004 3714 1063 3779 (uel
1078 3714 1255 3781 caelestium)
1275 3712 1323 3765 alii
1341 3711 1405 3766 libri

295 3798 427 3853 Senecae.
447 3797 471 3850 si
485 3796 528 3851 las
544 3794 689 3850 caedendo
705 3798 837 3852 caelestia
849 3797 975 3854 undecim
989 3797 1054 3852 libri
1065 3813 1122 3852 rec.
1142 3803 1168 3852 et
1183 3798 1245 3852 edd.
1258 3797 1402 3864 Iactandi,

293 3885 355 3938 item
376 3879 512 3936 scandere
530 3896 585 3950 pro
607 3879 764 3935 ascendere
784 3881 955 3950 celtiberiae,
979 3898 1063 3954 quam
1083 3884 1250 3953 scripturam
1279 3880 1405 3952 defendit

297 3966 425 4022 Osannus
441 3965 480 4020 ati
495 3964 550 4020 Cic.
567 3964 601 4019 tie
614 3965 768 4035 republica
779 3981 812 4035 p.
827 3970 878 4024 421
893 3981 934 4038 sq.

338 4052 446 4109 lmala
467 4048 569 4102 ciulere
591 4049 666 4104 Flor.
682 4049 778 4104 Haun.
808 4049 954 4106 Varronis.
976 4051 1049 4105 mala
1072 4051 1165 4105 eluere
1189 4049 1312 4104 Darmst.
1340 4049 1402 4106 Vct.

295 4137 368 4190 mala
389 4133 475 4190 duere
494 4133 593 4188 Gorlt'c.
610 4132 760 4188 Censorini.
783 4136 919 4190 malacam
942 4134 1017 4188 uiere
1039 4132 1178 4206 Scaliger,
1202 4135 1272 4189 conl.
1293 4133 1329 4187 ab
1342 4133 1400 4190 He-

289 4218 451 4291 phaestione
475 4219 556 4273 tituta
577 4231 662 4273 neren
682 4218 809 4274 Sotadieo
835 4212 943 4291 ποίης
967 4211 1068 4293 τέρεν
1089 4207 1207 4284 ἄνθος
1234 4204 1402 4290 μαλακὸν

294 4300 475 4383 ματεῦσαι
559 4317 692 4356 coronam
712 4301 878 4359 Caesarisne
