2984 5048
641 438 991 498 TRAGOEDIARVM

801 607 834 676 v
907 653 909 656 .

297 731 339 794 40
365 723 529 796 'Animam
545 722 648 795 misso
667 725 789 821 sangui
806 725 918 819 tepido
939 726 1023 798 tullii
1042 729 1194 802 efflantis
1210 731 1357 801 nolant.

695 894 943 970 ALGVMAEO

802 1036 830 1308 ll
908 1137 1031 1206 lactum
1051 1139 1104 1206 est
1124 1136 1190 1206 idm
1208 1136 1267 1206 diu

365 1354 477 1426 Multis
497 1377 571 1440 sum
587 1355 695 1426 modis
712 1355 971 1442 circumuentus
999 1353 1132 1442 morbo,
1158 1357 1258 1428 exilio
1282 1361 1396 1451 atque

916 1457 1046 1549 inopia3

367 1559 452 1628 Turn
487 1582 596 1652 pauor
632 1559 826 1653 sapientiam
854 1583 985 1633 omnem
1013 1560 1056 1630 mi
1088 1561 1278 1633 exanimato
1321 1584 1393 1632 ex-

925 1665 1093 1756 pictorat3

365 1763 470 1836 Miler
491 1763 669 1834 lerribile'm
692 1765 834 1837 minatur
854 1769 943 1838 uitae
964 1766 1144 1837 cruciatum
1162 1767 1196 1837 et
1216 1787 1353 1852 necem,

298 1878 340 1937 45
368 1866 462 1951 Quae
490 1886 588 1936 nemo
618 1871 670 1936 est
698 1871 764 1938 lam
794 1870 890 1941 lirnto
926 1870 1062 1962 ingenio
1089 1874 1122 1940 et
1146 1870 1239 1940 tenta
1268 1869 1390 1940 confi-

926 1973 1046 2058 diutia,

367 2069 453 2154 Quin
473 2070 617 2164 refugiat
636 2073 749 2144 timido
771 2096 924 2168 sanguen
944 2077 1043 2169 iique
1065 2073 1256 2144 exalbeseitt
1276 2075 1386 2143 metu.

297 2273 321 2322 V
339 2273 431 2322 Festus
445 2289 472 2338 p.
487 2271 582 2324 onon.
603 2272 755 2339 ‘[tullios
769 2273 825 2341 elii]
840 2276 960 2327 dixemnt
975 2291 1032 2329 esse
1045 2275 1151 2335 silanos,
1170 2275 1216 2326 alii
1228 2277 1318 2336 riuos,
1338 2273 1385 2324 alii

263 2341 427 2392 uehementes
442 2342 612 2408 proiectiones
631 2346 766 2411 sanguinis
783 2347 906 2396 arcuatim
926 2347 1042 2408 fluentis,
1062 2345 1151 2410 quales
1170 2351 1229 2394 sunt
1239 2343 1336 2396 Tiburi
1357 2345 1383 2392 in

263 2412 376 2462 Aniene:
400 2412 497 2462 Ennius
512 2413 593 2462 Ainos
614 2415 670 2464 ...'
704 2414 799 2466 Paulus
818 2431 844 2482 p.
865 2415 916 2468 353
931 2417 965 2467 Μ.
986 2415 1116 2468 ‘tullios
1136 2413 1182 2466 elii
1263 2414 1381 2464 Ennius:

157 2501 159 2506 ¹
200 2531 234 2560 Ι,
263 2482 519 2548 sanguine'e.q.s.

297 2553 457 2602 Ancvnnno
508 2552 518 2600 Ι
552 2550 649 2602 Nonius
670 2567 697 2617 p.
725 2554 783 2614 127,
809 2553 843 2605 13
875 2554 1012 2605 ‘iamdiu
1040 2568 1087 2619 pro
1114 2551 1177 2602 olim
1280 2550 1381 2602 Ennius

262 2621 402 2672 Alumeone
418 2619 474 2670 ...'
545 2621 569 2670 11
592 2619 681 2671 Gieero
701 2622 734 2673 de
753 2631 817 2673 orat.
840 2623 932 2685 11138,
948 2623 1000 2674 218
1019 2623 1116 2673 ‘aliud'
1135 2620 1187 2687 (so.
1204 2621 1277 2670 nonis
1296 2633 1381 2686 genus

262 2691 313 2740 sibi
329 2687 421 2754 sumit)
446 2692 558 2749 ‘metus‚
577 2690 718 2740 demissum
736 2700 762 2742 et
778 2692 911 2744 haesitans
928 2701 953 2743 et
973 2693 1101 2742 abiectum
1123 2687 1269 2756 [tn—46].’
1308 2689 1381 2740 Idem

263 2760 295 2810 de
317 2757 361 2810 fin.
383 2761 418 2809 IV
438 2758 480 2818 23,
496 2756 530 2808 6⁶2
554 2759 618 2809 ‘hoo
633 2774 694 2810 uero
713 2769 738 2812 te
759 2760 826 2814 ferre
847 2777 897 2826 non
918 2763 1048 2828 potuisse,
1075 2761 1144 2824 qnod
1161 2760 1259 2823 antiqui
1278 2759 1319 2808 illi

263 2829 432 2888 crediderint,
451 2829 521 2889 elus,
541 2829 585 2892 qui
600 2828 707 2880 honeste
723 2831 837 2893 uiueret,
862 2833 885 2882 si
902 2833 971 2882 idem
991 2833 1068 2882 etiam
1088 2831 1153 2880 bene
1174 2829 1286 2890 unieret,
1314 2829 1380 2878 bene

264 2898 377 2959 audiret,
395 2898 515 2962 copiosus
535 2905 618 2960 esset,
638 2900 817 2964 optabiliorem
831 2901 887 2952 lore
904 2903 984 2952 nitent
998 2901 1181 2962 melioremque
1196 2906 1221 2949 et
1234 2899 1319 2964 magis
1335 2911 1380 2948 ex-

264 2969 415 3033 petendam,
441 2981 517 3030 quam
536 2967 621 3027 illins,
646 2969 690 3030 qni
714 2985 795 3033 aeque
815 2971 856 3020 nir
872 2972 955 3020 bonus
977 2969 1088 3020 multis
1109 2969 1214 3019 modis
1238 2974 1320 3027 esset,
1352 2973 1379 3014 ut

263 3038 345 3088 Enni
360 3037 528 3094 Alcmaeo,
546 3037 787 3088 circumuentus
800 3065 835 3078 —-
851 3041 983 3105 inopia.⁹
1012 3039 1128 3090 ldemde
1141 3045 1204 3088 orat.
1222 3038 1258 3086 lll
1271 3035 1315 3096 38,
1329 3035 1378 3086 154

265 3111 407 3158 ‘nouantur
421 3113 505 3156 autem
525 3106 616 3166 uerba,
637 3122 702 3169 quae
720 3108 752 3158 ab
767 3123 797 3158 eo
814 3110 857 3172 qui
872 3110 935 3160 dicit
954 3112 1011 3174 ipso
1029 3109 1169 3174 gignuntur
1188 3121 1218 3158 ae
1233 3106 1311 3167 finnt,
1336 3103 1377 3154 nel
1469 3109 1470 3148 l

264 3176 449 3242 coniungendis
462 3175 554 3244 perbis
568 3183 596 3224 nt
614 3175 678 3226 liaeo
699 3175 774 3243 [43].'
805 3177 897 3244 (Deest
911 3175 955 3228 hie
968 3179 1040 3228 loeus
1053 3177 1080 3226 in
1091 3177 1143 3226 Erl.
1159 3173 1188 3240 a)
1213 3176 1285 3226 Idem
1300 3176 1376 3224 Tnso.

263 3247 331 3312 disp.
351 3249 387 3297 IV
406 3245 433 3306 8,
451 3243 482 3296 to
507 3248 663 3310 ‘pauorem‚
690 3255 784 3297 metum
805 3255 916 3298 mentem
937 3248 992 3298 loeo
1012 3253 1169 3306 mouentem,
1193 3260 1227 3295 ex
1245 3259 1295 3308 qno
1312 3242 1377 3294 illud

262 3317 386 3366 Ennius
402 3311 478 3381 [43]]
506 3314 603 3364 Nonius
618 3331 645 3380 p.
662 3315 703 3376 16,
719 3319 734 3367 7
754 3320 992 3382 ‘expectorato
1006 3323 1045 3366 est
1057 3324 1130 3366 extra
1141 3322 1231 3381 peetus
1245 3316 1328 3364 eicere
1342 3337 1376 3348 -

265 3385 353 3436 Cicero
368 3385 401 3435 de
415 3391 478 3435 orat.
496 3383 540 3432 lib.
557 3385 608 3433 lll:
632 3383 707 3451 [43].’
736 3385 908 3444 Quintilianus
921 3388 982 3437 Vlll
1000 3384 1027 3447 3,
1042 3385 1074 3436 31
1095 3389 1134 3434 ‘at
1153 3391 1254 3434 ueteres
1273 3397 1304 3433 ne
1322 3396 1376 3433 ex·

264 3461 416 3519 pentorat
436 3452 540 3517 quidem
561 3453 717 3504 timuerunt.⁹
753 3455 841 3506 Cicero
856 3456 889 3507 de
901 3455 980 3506 ilnv
994 3456 1037 3516 11,
1050 3454 1083 3506 31
1108 3455 1183 3517 ‘quis
1198 3460 1237 3504 est
1251 3454 1319 3503 enim
1334 3457 1375 3501 aut

303 3666 339 3721 to
364 3661 485 3718 animam
508 3661 596 3718 misso
619 3664 720 3737 sangui
741 3665 923 3720 Hermonnus
949 3665 978 3718 io
999 3662 1086 3736 δορὴ.
1109 3665 1153 3719 At.
1175 3668 1228 3724 913
1249 3664 1293 3719 ed.
1315 3649 1372 3720 t'ert.

262 3747 338 3804 Aiax
358 3748 445 3802 misso
467 3749 605 3820 sanguiue
627 3751 687 3805 cod.
705 3749 781 3804 Festi
865 3748 933 3804 tullii
951 3747 1066 3804 Paulus.
1086 3749 1145 3804 tulii
1160 3750 1221 3804 rod.
1237 3749 1315 3804 Festi

304 3835 340 3892 43
362 3849 488 3900 omnem,
513 3849 564 3887 om.
588 3831 641 3902 tni',
664 3833 889 3890 Antenoris
907 3833 962 3890 Cic.
978 3833 1012 3887 do
1026 3839 1097 3888 oroi.
1112 3831 1166 3888 ΙΙΙ
1177 3837 1239 3892 218.
1263 3846 1370 3886 omnem

262 3916 330 3972 mihi
349 3916 417 3988 Rep.
435 3915 508 3972 Pin.
525 3917 581 3974 osc.
598 3917 680 3974 Taso.
704 3919 772 3973 mihi
795 3935 906 3974 omnem
927 3918 1033 3973 Nonius
1118 3910 1266 3975 exal‘mato
1281 3917 1372 3972 Eris

262 4003 296 4057 de
303 4007 375 4058 orni.
381 3999 435 4057 ΙΙΙ
439 4005 501 4060 218.
513 4017 549 4056 ex
560 4004 653 4058 anima
664 4001 734 4074 Rep-
742 4002 815 4059 Pin.
827 4003 909 4058 Tunc.
1013 4005 1050 4060 44
1060 4007 1147 4058 mater
1161 3999 1192 4057 0.
1200 4000 1371 4058 Ribbeoltius·

262 4087 331 4142 aller
345 4087 408 4142 libri
413 4087 549 4158 plerique,
562 4103 615 4142 orn.
628 4086 739 4142 Abrino.
752 4087 840 4144 Eris
926 4086 1046 4142 minatur
1057 4085 1170 4142 Aleriae.
1184 4087 1243 4142 liri.
1252 4103 1279 4140 α.
1293 4083 1369 4140 mini·

262 4155 437 4226 tainfoetori
519 4175 554 4232 46
577 4172 665 4244 lugiet
677 4171 783 4228 Nomio
847 4186 975 4244 sanguen
993 4171 1105 4228 Aurae.
1119 4171 1231 4227 ErLob
1246 4172 1280 4227 do
1291 4173 1369 4233 orat,

262 4254 382 4324 Nonius,
404 4255 576 4312 Priscianus.
598 4258 738 4329 sangnine
761 4259 847 4314 ceteri
867 4256 931 4312 libri
950 4255 1088 4312 Cicerom
1108 4255 1142 4310 de
1159 4259 1232 4311 orat.
1255 4252 1369 4326 sanguis

262 4337 356 4394 Cicero
369 4339 465 4410 defin.
