3112 5040
669 439 900 498 ANNALIVM

698 607 843 678 XXXIV
857 605 874 644 *

333 741 452 811 Excita
467 763 541 812 curn
559 741 707 814 tremulis
723 765 807 812 anus
824 743 931 812 attulit
947 739 1084 811 artubus
1101 741 1220 825 lumen,
1333 733 1339 740 ’

334 844 427 914 Talia
450 851 684 916 commemorat
706 845 895 930 lacrimans,
924 843 1080 915 exterrita
1096 866 1228 916 somno:

335 947 511 1018 ‘Eurudica
532 953 713 1041 prognata,
742 953 838 1041 pater
855 971 952 1042 quam
970 951 1085 1017 noster
1105 950 1235 1034 amauit,

334 1052 434 1121 Vires
455 1051 588 1144 uitaque
611 1075 732 1144 corpus
750 1075 859 1124 meum
877 1073 964 1122 nunc
987 1050 1108 1120 deserit
1131 1073 1237 1122 omne.

266 1163 307 1225 40
336 1156 418 1224 Nam
435 1177 487 1224 me
505 1154 599 1224 uisus
618 1156 717 1226 homo
735 1156 873 1247 pulcher
890 1177 950 1247 per
968 1176 1107 1224 amoena
1125 1156 1239 1226 salicta

333 1259 375 1328 Et
395 1258 484 1349 ripas
507 1261 638 1349 raptare
656 1260 816 1351 locosque
837 1281 960 1331 nouos:
992 1257 1037 1326 ita
1054 1255 1128 1327 sola

335 1361 490 1445 Postilla,
519 1383 679 1453 germana
701 1385 814 1447 soror,
842 1385 953 1432 errare
975 1359 1112 1429 uidebar

335 1465 511 1557 Tardaque
529 1465 699 1557 uestigare
717 1468 750 1534 et
768 1487 927 1558 quaerere
945 1468 977 1533 te
995 1484 1103 1555 neque
1123 1485 1226 1553 posse

335 1567 442 1639 Corde
459 1590 651 1658 capessere:
682 1567 799 1638 semita
819 1568 910 1637 nulla
931 1567 1049 1658 pedem
1072 1565 1245 1636 stabilibat.

264 1681 305 1741 45
334 1671 419 1740 Exin
439 1671 638 1762 compellare
661 1674 756 1762 pater
776 1694 829 1740 me
851 1691 935 1741 uoce
954 1669 1086 1738 uidetur

333 1774 394 1845 His
411 1774 539 1844 uerbis:
568 1779 617 1843 “o
641 1776 761 1867 gnata,
788 1774 845 1843 tibi
863 1776 941 1844 sunl
958 1775 1033 1842 ante
1050 1770 1205 1842 ferendae

244 1892 252 1908 ·
332 1878 538 1961 Aerumnae‚
566 1881 643 1969 post
664 1900 708 1947 ex
729 1878 832 1966 fluuio
855 1879 989 1947 fortuna
1006 1874 1148 1946 resistet.
1156 1874 1173 1900 ’'

334 1980 426 2050 Haec
449 1981 576 2050 ecfatus
597 1984 707 2074 pater,
735 2003 910 2072 germana,
938 1981 1072 2071 repente
1090 1976 1227 2046 recessit

333 2086 400 2153 Nec
418 2106 494 2152 sese
512 2084 600 2152 dedit
618 2084 650 2152 in
666 2082 1001 2175 conspectum'corde
1023 2080 1164 2170 cupitus

264 2195 304 2255 50
334 2185 540 2278 Quamquam
563 2186 666 2256 multa
686 2209 803 2256 manus
824 2187 866 2255 ad
886 2185 968 2254 caeli
989 2184 1121 2253 caerula
1138 2181 1260 2272 templa

332 2288 522 2358 Tendebam
542 2290 728 2358 lacrumans
747 2292 779 2358 et
795 2289 916 2358 blanda
938 2309 1022 2356 uoce
1042 2286 1214 2355 uocabam.

331 2392 398 2464 Vix
416 2414 521 2484 aegro
541 2416 616 2463 cum
635 2393 734 2464 corde
753 2415 828 2462 meo
851 2414 904 2461 me
924 2413 1061 2460 somnus
1084 2387 1234 2482 reliquit!

691 2545 822 2616 XXXV
837 2545 876 2584 **

332 2680 472 2752 Ouidius
495 2681 592 2750 Trist.
616 2682 644 2750 ll
663 2691 724 2753 259
756 2681 953 2775 ‘sumpserit
978 2680 1132 2768 annales3
1168 2680 1262 2769 (nihil
1288 2685 1339 2750 est

228 2784 388 2853 hirsutius
409 2783 511 2872 illis;)
538 2785 639 2854 Facta
662 2787 704 2855 sit
726 2789 817 2858 unde
836 2808 959 2880 parens
980 2784 1039 2853 llia
1059 2806 1177 2874 nempe
1199 2785 1309 2876 leget’

227 2985 375 3035 annalibus:
395 2986 470 3046 quos'
491 3001 513 3034 e.
531 3000 555 3047 q.
570 3001 591 3034 s.
664 2987 775 3038 XXXlV
795 2987 883 3038 Cicero
900 2987 932 3036 de
948 2987 1001 3035 diu.
1021 2986 1089 3044 120,
1105 2987 1140 3036 40
1164 2989 1245 3035 ‘nunc
1263 2993 1288 3035 te
1306 2987 1338 3036 ad

227 3055 328 3105 tabulas
340 3069 433 3104 reuoco
447 3053 489 3104 uel
504 3061 648 3105 nostrorum
662 3058 703 3107 uel
714 3057 867 3109 Graecorum
882 3059 1024 3124 poetarum.
1053 3055 1143 3106 Narrat
1154 3056 1222 3106 enim
1235 3064 1260 3105 et
1270 3057 1338 3122 apud

266 3310 301 3364 36
328 3265 411 3360 elcita
433 3306 512 3362 Vind.
580 3310 715 3364 tremulus
731 3308 794 3363 Erl.
861 3309 960 3376 attulit]
977 3313 1034 3362 altu
1057 3306 1136 3362 Vind.
1223 3309 1258 3365 37
1281 3313 1338 3361 turn

225 3396 360 3445 memorat
388 3391 467 3446 Vinci.
581 3397 616 3451 38
648 3393 764 3447 erudica
785 3392 847 3448 Erl.
873 3392 1010 3465 eurydice
1042 3391 1123 3446 Viuo.
1231 3395 1266 3450 ³9
1298 3393 1338 3445 ui·

224 3478 334 3580 taleque
356 3504 436 3561 Viud.
542 3513 578 3566 40
598 3525 698 3565 amena
712 3510 794 3567 Ert„
878 3515 913 3569 46
935 3511 991 3581 hijs
1006 3510 1067 3566 nrt.
1143 3527 1160 3562 o
1177 3515 1262 3581 gnata
1276 3509 1340 3564 libri

225 3593 289 3662 aliq.
310 3589 417 3659 Orellii,
443 3589 600 3659 Manutius,
622 3593 780 3649 laminam.
805 3601 925 3667 cognata
952 3595 1031 3650 de.
1119 3602 1184 3648 sunt
1205 3601 1268 3648 ante
1291 3594 1336 3648 tibi

224 3681 345 3748 cognata
356 3675 418 3730 Erl.
507 3678 641 3734 ferundae
653 3679 794 3747 Daumius,
810 3679 986 3736 Foertscltius
1002 3678 1112 3746 Quaest.
1131 3677 1201 3735 Tull.
1213 3684 1291 3749 part.
1304 3675 1341 3732 ΙΙ

223 3760 338 3830 (Numb.
355 3763 437 3829 1846)
448 3781 481 3834 p.
492 3768 535 3821 15.
552 3765 694 3835 gerendae
717 3765 796 3820 Vina.
812 3765 938 3837 gerenda
952 3763 1014 3819 Erl.
1120 3767 1164 3822 47.
1181 3767 1216 3822 48
1227 3767 1337 3818 iuucrso

221 3847 319 3901 ordine
340 3847 468 3918 tepuutur
493 3850 522 3902 in
547 3849 628 3907 Viud.
651 3850 729 3920 ErL,
758 3851 930 3921 transposuit
955 3865 971 3904 c
999 3848 1077 3904 codd.
1101 3849 1233 3904 natamus

221 3953 256 4008 47
276 3969 390 4007 erumne
407 3951 469 4006 Ert.
558 3955 680 4021 resistet]
696 3957 813 4010 recessit
828 3955 888 4012 Ert.
974 3955 1158 4014 48hec'Erl.
1246 3929 1335 4008 aliatus

220 4042 300 4104 pater
329 4035 408 4094 Viud.
424 4043 503 4109 pater
524 4036 625 4094 effatus
645 4038 706 4096 Erl.
792 4046 941 4098 sumanus
958 4039 1020 4095 Erl.
1128 4047 1160 4100 51
1177 4041 1336 4094 lacrumans

229 4119 307 4176 Vind.
326 4123 475 4178 lacrimans
490 4123 552 4179 Ert.
640 4122 741 4178 blande
756 4123 819 4178 Erl.
927 4131 961 4183 52
977 4142 1039 4179 curn
1063 4125 1141 4180 Vino.
1160 4132 1215 4180 turn
1232 4124 1293 4178 Erl.

222 4211 319 4392 {omd’
337 4237 467 4379 {mate
480 4257 516 4295 m.
535 4242 582 4298 alt.
601 4243 835 4314 superscriptum)
853 4259 940 4298 sonus
955 4242 1017 4298 Ere
1104 4213 1233 4316 relinquil
1255 4244 1334 4299 Vua.

239 4342 252 4378 s
267 4339 303 4380 m.
318 4340 336 4377 a
358 4340 398 4378 .u
439 4328 462 4393 .)
