2984 5048
555 419 797 490 RELIQVIAE

642 587 684 658 ΠΙ
698 587 714 625 ²t¹

223 719 409 790 Miliarem:
444 721 521 814 qnid
550 722 662 814 pdtius
685 725 790 795 dicam
817 728 874 796 aut
895 727 1009 796 utrius
1034 749 1133 820 quam
1153 732 1231 801 nni-

779 828 915 899 lienem?

654 977 703 1048 IV

347 1163 356 1182 .
408 1113 497 1184 unde
518 1113 601 1184 hade
618 1116 751 1188 damma
771 1116 899 1188 oritur?

543 1249 560 1286 *
785 1252 801 1289 *

663 1310 680 1347 a

218 1379 386 1454 'Incedunt
412 1383 587 1473 incidunt,
623 1389 745 1459 adsunt
771 1389 892 1459 adsunt
916 1390 1053 1476 adsunt,
1087 1413 1139 1461 me
1161 1390 1227 1462 dx·

776 1495 901 1586 petunt.

543 1621 560 1658 ὴ
783 1626 799 1664 a

662 1681 679 1718 a

152 1763 192 1826 50
219 1753 283 1824 ne'r
294 1755 337 1824 mi
351 1756 520 1846 auxilium,
538 1761 665 1851 pistem
679 1763 778 1856 abige
791 1785 811 1834 a
823 1786 886 1851 me,
903 1766 1129 1836 ilammiieiam
1141 1765 1226 1837 hanc

604 1865 688 1951 uim,
716 1866 801 1959 quad
823 1889 876 1938 ma
899 1869 1076 1952 excruciat.

217 1957 380 2032 Cae'ruleo
403 1961 562 2034 incinctae
587 1967 689 2061 angui
714 1969 885 2055 inuadunt,
913 1975 1124 2043 circumstant
1149 1994 1224 2043 cum

776 2073 968 2146 arde'ntiuus
985 2075 1101 2146 taedis.

541 2199 558 2239 *
781 2204 797 2241 *
813 2215 816 2232 ¹

661 2261 677 2298 *

321 2352 462 2424 Intdndit
484 2355 620 2425 crinitis
643 2359 767 2449 Apollo

319 2456 444 2526 Arcum
465 2458 632 2543 auratum,
659 2459 738 2530 luna
760 2461 902 2546 innixus,

147 2563 187 2622 55
317 2558 422 2629 Diana
440 2560 544 2630 facem
563 2560 638 2630 iacit
657 2563 677 2630 a
697 2563 803 2632 laeua.

111 2761 202 2816 quotus
226 2759 349 2822 quisque,
378 2762 420 2810 nui
442 2776 511 2812 mors
536 2777 593 2811 curn
615 2764 817 2829 adpropinquet,
846 2777 896 2811 non
920 2760 1079 2829 refugiat'
1103 2779 1125 2812 e.
1151 2778 1175 2825 q.
1199 2777 1220 2812 s.

111 2821 208 2873 Nonius
227 2830 330 2891 pant,
347 2829 380 2881 16
399 2832 551 2896 ‘sanguia
636 2841 723 2883 neutro
743 2861 776 2872 -
799 2831 886 2883 Cicero
906 2831 938 2881 de
953 2830 1046 2881 tinibus
1060 2833 1184 2882 bonorum
1198 2839 1222 2880 et

111 2893 237 2944 malorum
260 2897 305 2947 lib.
329 2900 367 2948 V:
398 2900 623 2964 quotusquisque
647 2903 698 2951 est'
727 2919 749 2953 e.
765 2919 790 2966 q.
808 2918 830 2952 s.
865 2901 1011 2950 Priscianus
1031 2902 1067 2950 Vi
1086 2916 1113 2966 p.
1129 2900 1220 2952 7081),

111 2961 175 3026 (lp.
191 2965 241 3015 ‘262
256 2965 302 3031 K.)
321 2971 434 3020 ‘ueteres
447 2970 497 3020 hoc
509 2984 654 3036 sanguen
669 2972 796 3022 dixerunt.
827 2970 915 3021 Cicero
932 2971 956 3019 in
972 2970 1122 3021 Hortensio:
1145 2979 1171 3020 ut
1187 2971 1222 3020 ait

111 3031 222 3082 Ennius:
252 3037 419 3104 refugiat’
448 3056 470 3089 a.
494 3055 518 3102 q.
540 3055 562 3088 s.
636 3042 671 3091 111
698 3042 808 3092 Rutilius
826 3041 914 3106 Lupus
936 3041 947 3088 1
970 3039 1002 3092 12
1022 3056 1048 3106 p.
1063 3037 1098 3090 43
1117 3039 1219 3089 Ruhnk.

112 3100 265 3167 ‘diaphnraz
285 3107 335 3157 hnc
350 3108 455 3158 schama
466 3117 517 3168 est,
538 3124 595 3158 cnm
611 3112 718 3161 uerbum
736 3113 853 3162 iteratum
867 3111 945 3160 aliam
958 3111 1110 3160 sententiam
1122 3107 1221 3176 signid-

110 3180 165 3230 em,
185 3187 216 3222 ae
232 3176 603 3244 significauitprimndictum.
637 3180 666 3229 Id
680 3188 718 3230 eat
736 3179 895 3230 huiuamodi
990 3179 1067 3228 Item
1087 3179 1221 3228 uniuer-

110 3255 177 3290 sum
197 3245 376 3298 mulierem·
403 3265 425 3298 e.
442 3264 467 3312 q.
483 3264 504 3298 a.
542 3250 619 3297 item
638 3249 718 3299 Enni
736 3263 866 3300 uersus:
886 3247 1218 3307 mutieremMainekius‚

110 3311 153 3372 qni
168 3312 252 3363 aliena
268 3331 346 3366 manu
359 3317 422 3368 haec
441 3335 455 3368 e
475 3318 590 3384 margine
609 3317 688 3368 inlata
708 3334 765 3368 esse
783 3318 937 3383 suspicatur.
965 3316 1145 3366 Alcumaeonis
1162 3331 1220 3366 essa

110 3378 139 3428 Ο.
148 3381 304 3436 Ribbeckius
314 3388 423 3437 coniecit
480 3388 516 3437 1v
529 3386 618 3437 Cicero
627 3388 707 3438 Acad.
715 3403 754 3454 pr.
762 3389 785 3438 Il
793 3387 836 3448 28,
843 3385 877 3438 89
891 3385 985 3450 ‘quidi
999 3387 1055 3452 ipse
1067 3386 1219 3436 Alcmaeo

108 3455 182 3509 tuna,
207 3455 260 3515 qni
280 3463 376 3521 negat
394 3471 447 3506 cor
465 3457 530 3506 sibi
551 3471 621 3505 cnm
640 3457 746 3507 oculis
768 3457 968 3516 consentire,
992 3470 1075 3505 nonna
1094 3455 1218 3505 ibidem

108 3519 410 3574 inuitatusiurore:
428 3527 524 3577 unde’
542 3541 565 3574 e.
576 3540 601 3587 q.
613 3541 634 3574 s.
653 3525 708 3591 [48]
729 3531 770 3576 ‘et
784 3526 1026 3590 illadeinuaps:
1049 3524 1217 3574 incedunt’

110 3602 132 3635 e.
150 3602 175 3649 q.
191 3604 212 3638 s.
230 3588 286 3656 [49]
313 3594 409 3656 ‘quidt
428 3609 486 3643 cum
505 3595 649 3658 uirginis
665 3595 766 3646 iidem
784 3596 944 3661 inplorat:
965 3592 1019 3659 [50.
1033 3591 1078 3658 51]
1095 3609 1156 3642 num
1171 3593 1219 3643 dn-

108 3656 190 3718 bitas,
210 3660 271 3721 quin
285 3661 336 3711 sibi
348 3661 412 3712 haec
424 3663 513 3713 nidera
524 3663 662 3712 uideatur?
680 3665 791 3726 itemque
804 3671 927 3714 cetera:
946 3663 1106 3713 intendit·
1123 3678 1146 3712 e.
1158 3678 1182 3724 q.
1195 3677 1217 3712 s.

110 3723 235 3793 [nt-55]
261 3731 320 3792 ‘qni
339 3732 423 3797 magia
441 3732 505 3782 haec
522 3731 649 3791 crederet,
666 3733 689 3780 ai
708 3740 807 3792 assent,
827 3745 903 3795 qnam
917 3731 1052 3792 eradebat,
1071 3733 1131 3794 qnia
1145 3731 1218 3782 uide-

107 3796 219 3846 bantur?
243 3807 351 3865 apparet
363 3801 431 3852 enim
446 3803 497 3852 iam
514 3813 568 3850 eor
586 3815 655 3850 eum
674 3801 1005 3867 oculispnonsentirel

148 3979 183 4035 49
203 3973 371 4032 Emenduttit
385 3972 417 4030 0.
434 3973 610 4032 Rtmectas.
625 3975 743 4031 incaade
759 3978 787 4032 in
801 3975 890 4033 caede
908 3974 1011 4032 adsunt
1025 3989 1070 4030 me
1085 3980 1216 4047 expetunt

112 4058 194 4115 Vinci.
217 4059 318 4115 incede
340 4066 439 4116 assunt
461 4076 505 4115 me
520 4066 654 4132 expetunt
673 4061 736 4116 Erl.
759 4060 861 4118 incede
881 4059 981 4116 incede
998 4058 1100 4116 adsunt
1114 4058 1216 4122 adsunt

105 4159 215 4200 meme
239 4151 373 4216 expetunt
393 4145 478 4200 ceteri
581 4150 615 4204 51
647 4147 776 4202 caeruleo
804 4144 946 4201 Columna.
973 4145 1103 4200 caerulea
1134 4142 1214 4202 Van.

105 4230 234 4284 caerulea
255 4229 317 4286 Eri.
341 4231 487 4286 caeruleae
508 4231 594 4288 ceteri
612 4229 676 4286 tttrt
760 4231 845 4303 angui
861 4228 1001 4285 Columna.
1017 4229 1077 4302 igni
1090 4227 1155 4286 h'trn'

148 4318 183 4371 55
197 4314 274 4370 taces
287 4329 361 4372 unua
375 4312 465 4371 oxon.

189 4413 305 4470 Ennius.
989 4406 1008 4474 7
