3070 5032
587 391 829 462 RELIQVIAE
1202 385 1263 452 167

257 563 343 648 Quid
362 563 511 648 turdum,
535 561 709 647 merulam,
729 561 934 630 melanurum
954 561 1167 656 umbramque
1190 585 1264 632 ma-

812 687 917 733 mnam

256 768 414 838 Praeterii
443 771 542 862 atque
570 789 717 852 scarum,
750 768 921 836 cerebrum
950 765 1039 836 louis
1067 789 1173 857 paene
1201 789 1263 836 su-

812 869 940 960 premi?

257 972 405 1041 Nestoris
423 972 465 1040 ad
481 971 619 1062 patriam
637 971 689 1040 hic
707 971 835 1061 capitur
852 994 1060 1066 magnusque
1078 972 1262 1066 bonusque.

184 1085 227 1145 10
256 1074 406 1165 Polypus
427 1073 610 1166 Corcyrae,
639 1074 784 1144 caluaria
801 1075 939 1167 pinguia
959 1097 1108 1164 acarnae,

256 1179 423 1268 Purpura,
452 1177 617 1262 muriculi‚
646 1200 779 1261 murerr,
808 1178 922 1250 dulces
944 1201 1076 1272 quoque
1099 1177 1214 1247 echini.

564 1379 847 1451 EPIGHARMVS

702 1549 716 1620 l

258 1667 339 1736 Nam
363 1666 499 1736 uidebar
521 1667 687 1739 somniare
709 1667 785 1737 med
807 1690 873 1760 ego
898 1689 974 1738 esse
995 1669 1170 1740 mortuum.

671 1816 699 1886 ss
712 1814 752 1854 Η

257 1935 388 2028 Frigori
408 1934 522 2004 miscet
544 1934 686 2004 calorem
710 1941 808 2028 atque
828 1935 934 2004 rimori
957 1933 1160 2004 aritiidinem.

150 2136 221 2184 Flor.
236 2131 263 2199 e)
285 2135 417 2200 ‘optime
434 2136 556 2200 sapiat:
577 2152 623 2186 nec
642 2137 770 2187 tamenab
790 2136 896 2186 eruditis
912 2134 1122 2201 reprehenditur!
1157 2133 1263 2185 Glossae

47 2255 49 2258 .
150 2212 252 2254 ueteres
271 2205 304 2255 ed
316 2205 416 2254 Patron.
436 2203 489 2254 Sat.
503 2203 537 2255 93
556 2209 680 2256 ‘scarus
699 2207 779 2272 piscis
797 2205 952 2255 nobilissimi
970 2219 1065 2270 genus,
1085 2203 1150 2254 mari
1168 2204 1263 2270 Carpa-

151 2273 207 2324 thio
222 2274 356 2337 frequens,
376 2275 539 2324 cerebrum
555 2277 643 2325 louis
657 2276 739 2326 dictus
753 2277 784 2326 ab
798 2276 898 2325 Ennio!
1009 2320 1021 2327 .

186 2345 373 2394 Errcnanmvs
411 2345 421 2393 l
442 2344 530 2394 Cicero
552 2345 632 2395 Acad.
654 2361 694 2411 pr.
709 2347 733 2396 Il
749 2345 790 2405 16,
807 2347 838 2396 bl
859 2348 935 2393 ‘num
953 2358 1042 2392 censes
1061 2343 1184 2402 Ennium,
1204 2355 1262 2392 cum

47 2395 49 2430 l
153 2413 273 2463 inhortis
289 2429 346 2463 cum
360 2412 450 2463 Seruio
466 2414 548 2464 Galba
567 2451 592 2463 ..
613 2415 782 2474 ambulasset,
809 2414 921 2462 dixisse:
952 2412 1024 2461 uisus
1043 2426 1100 2460 sum
1118 2411 1182 2460 mihi
1205 2427 1262 2460 eum

47 2481 49 2514 l
154 2481 235 2532 Galba
251 2484 400 2532 ambulare?
422 2483 455 2531 At
475 2498 531 2532 cum
553 2485 701 2542 somniauit,
724 2485 761 2532 ita
779 2482 905 2532 narrauit:
933 2481 1006 2530 uisus
1026 2482 1151 2531 Homerus
1171 2478 1263 2530 adesse
1340 2477 1344 2498 ¹

48 2571 49 2598 1
155 2555 242 2617 poeta:
262 2553 381 2615 idemque
400 2552 427 2600 iu
440 2551 593 2618 Epicharmo
611 2555 658 2601 ...'
678 2553 729 2618 (in
746 2554 908 2617 epicarmo
923 2549 988 2600 Gud.
1008 2551 1039 2600 in
1060 2551 1132 2615 epio
1153 2548 1262 2600 hermo

47 2663 48 2666 ,
154 2620 247 2685 Vind.)
316 2623 339 2670 II
365 2620 448 2669 Varro
469 2622 501 2671 de
520 2621 550 2670 L.
569 2620 599 2671 L.
617 2622 642 2671 V
662 2621 696 2672 bt)
718 2622 751 2671 M.
781 2622 886 2684 ‘quibus
910 2620 1003 2669 iunctis
1025 2619 1124 2669 eaelum
1149 2625 1173 2668 et
1195 2628 1263 2669 terra

47 2751 48 2762 γ
156 2691 240 2740 omnia
260 2697 449 2755 eugenuerunt,
479 2690 548 2753 quod
565 2707 612 2756 per
628 2692 675 2741 hos
692 2701 782 2741 natura
801 2690 931 2756 frigori'
960 2705 983 2738 e.
1003 2705 1028 2752 q.
1046 2704 1067 2737 s.
1104 2688 1143 2739 Gi.
1165 2688 1262 2739 Nonius

156 2776 182 2826 p.
198 2759 239 2821 71,
254 2762 286 2810 22
306 2760 516 2844 ‘aritudinem
534 2775 581 2826 pro
600 2762 726 2811 ariditate.
759 2762 841 2811 Varro
860 2757 1032 2824 [Pr0]metheo
1051 2759 1077 2807 in
1093 2757 1158 2808 libro
1171 2759 1195 2809 1:
1213 2757 1262 2808 hu-

47 2935 49 3010 s
159 2949 219 2988 cum
235 2938 262 2987 el
276 2929 378 2988 Cumas
393 2934 477 3005 apud.
495 2941 522 2989 at
539 2934 606 3005 quid
622 2935 779 3005 Turnebus,
798 2933 982 2992 Caecubonur.
1001 2932 1126 2990 Surrenti
1144 2933 1262 3005 lopadas

47 3019 49 3090 ζ
159 3018 272 3085 (umuull
285 3015 428 3088 chemae),
448 3021 578 3092 glaucum
596 3019 697 3076 Cumas
720 3019 805 3091 apud.
828 3026 856 3074 at
875 3018 942 3090 quid
960 3017 1095 3091 Scaliger.
1116 3017 1263 3075 Surrentid

47 3095 49 3170 js
158 3103 261 3172 elopem
284 3103 345 3157 lace
367 3119 455 3158 emas.
478 3105 608 3175 glaucum
625 3104 662 3160 ad
677 3103 791 3160 Cumas.
814 3103 887 3172 Quid
903 3103 1055 3159 Salmasius
1139 3106 1155 3161 'l
1177 3105 1263 3158 mela-

48 3191 49 3194 ’
159 3203 252 3242 nurum
276 3187 464 3255 (menalurum
487 3189 619 3256 Doruill.)
641 3189 752 3244 turdum
778 3187 915 3258 (cardum
940 3187 1044 3252 Fulu.)
1070 3188 1262 3258 merulamque

159 3273 333 3341 umbramque
358 3273 583 3344 (umbraminque
599 3273 687 3341 Petu.)
710 3273 847 3328 marinam
865 3271 934 3330 libri.
956 3271 1121 3339 Alburnum,
1139 3271 1262 3339 turdum,

47 3423 50 3440 λ
160 3358 326 3410 melanurum
342 3375 368 3412 u.
385 3374 422 3410 m.
438 3357 497 3432 uel:
520 3361 676 3427 alburnum,
695 3359 815 3424 turdum,
834 3358 1024 3428 merulamque
1040 3373 1068 3412 u.
1082 3373 1120 3410 m.
1137 3355 1262 3411 Ritscbe-

161 3441 207 3494 lr'm
220 3439 281 3494 Iud.
299 3440 384 3496 schol.
401 3441 494 3496 Boou.
511 3449 578 3498 uest.
597 3448 664 3501 1852
677 3461 710 3515 p.
726 3443 795 3498 XV.
818 3447 874 3496 tum
894 3441 1004 3496 turdum
1026 3443 1161 3497 merulam
1177 3442 1263 3495 mela-

162 3540 250 3577 nurum
267 3541 293 3578 u.
311 3541 349 3582 m.
367 3524 544 3581 Schraderus
628 3525 780 3594 Merulam,
797 3527 920 3591 turdum,
936 3526 1108 3582 melanurum
1122 3527 1265 3581 coniuncti

163 3607 298 3663 tblumella
313 3623 419 3678 quoque
440 3608 519 3665 VIII
531 3615 572 3679 16,
586 3616 604 3669 8
688 3609 739 3664 llic
755 3625 855 3664 uersus
871 3611 951 3682 culpo
962 3615 1059 3680 postis
1074 3616 1100 3665 et
1112 3615 1130 3669 9
1144 3611 1241 3680 lepr'tur

199 3696 342 3750 ilscarum
358 3694 490 3762 praeterii
505 3693 570 3749 libri
652 3695 791 3748 celebrum
804 3693 884 3748 Flor.
898 3694 1042 3749 cDorur'tl.
1128 3694 1263 3752 9Meslo-

163 3776 197 3831 ris
210 3775 279 3831 Pru
369 3783 403 3834 10
425 3778 541 3849 pinguia
556 3794 642 3834 carne
657 3778 735 3833 Iler.
753 3793 778 3832 c.
798 3777 915 3849 pinguia
937 3792 1040 3832 carnae
1062 3777 1180 3856 Doruill.
1202 3777 1263 3850 pin·

164 3862 221 3932 guia
241 3860 365 3915 Atarnae
388 3859 462 3917 Pilb.
550 3869 581 3921 ll
604 3879 758 3935 purpuram
773 3861 853 3918 Flor.
870 3877 886 3916 c
906 3861 979 3917 Pitb.
999 3862 1118 3916 Doruill.
1204 3878 1263 3916 mu-

164 3945 233 4000 riculi
251 3945 405 4001 Turnebus.
421 3946 562 4003 marriculi
577 3949 656 4003 Flor.
672 3965 691 4002 a
705 3963 721 4002 c
735 3945 808 4002 Pitb.
825 3945 886 4002 edd.
903 3952 957 4002 uet.
974 3945 1110 4000 matriculi
1123 3945 1242 4002 Dormit.

200 4045 293 4085 murex
309 4029 497 4088 Caecubonue.
512 4047 607 4087 mures
623 4033 702 4092 Flor.
719 4030 824 4086 arim.
837 4029 899 4087 edu.
914 4037 968 4088 uei.

203 4135 215 4185 l
235 4128 394 4198 sompniare
413 4129 474 4186 Eri.
497 4130 577 4186 Vina.
594 4131 663 4188 Gud.
750 4131 816 4186 med
836 4147 890 4202 ego
915 4147 980 4186 esse
1000 4129 1156 4200 Marullus,
1178 4129 1262 4185 Lam-

167 4213 241 4267 binus.
264 4229 308 4266 me
325 4219 352 4266 el
366 4229 420 4284 ego
436 4231 501 4270 esse
515 4215 576 4274 Erl.
598 4215 678 4272 Viad.
695 4214 766 4272 Gud.
783 4232 844 4270 cum
858 4217 919 4270 aliis
933 4215 1018 4274 libris.
1041 4231 1096 4286 ego
1117 4214 1182 4270 med
1196 4231 1261 4272 esse

169 4295 278 4369 Sculiper
293 4297 368 4355 Cani,
387 4316 419 4370 p.
433 4292 602 4376 26.[memet
623 4317 688 4356 esse
703 4301 850 4356 Ernestius
933 4306 951 4358 2
971 4299 1082 4356 humori
1096 4301 1178 4373 numo
