2984 5032
597 458 763 514 ΕΝΝΙΑΝ
770 457 827 512 ΑΕ
945 539 949 550 .
1138 463 1237 510 XXXV

4 648 11 676 r
128 625 192 684 dam
216 621 299 683 Fabii
323 623 446 684 Pictoris
466 641 551 700 quam
573 622 733 696 Dionysius
757 620 850 682 Halic.
874 619 973 698 Antiq.
998 618 1081 679 Rom.
1103 617 1177 677 179
1206 637 1234 697 p.

4 747 8 784 l
126 728 187 790 203
210 728 312 789 Reislr.
342 729 434 788 relert
456 731 649 789 narrationem
676 744 871 807 componere:
901 717 1046 807 spatae
1078 723 1236 802 προσίεσαν

4 841 5 844 ’
129 826 240 913 ἀθρόοι
262 827 457 911 δεδιττόμενοι
474 835 531 916 βοῇ
545 825 577 894 cd
599 834 718 914 θηρίον.
746 827 767 911 ἡ
789 831 821 893 δὲ
833 825 960 892 λύκαινα
973 821 1009 890 οὗ
1029 823 1108 908 μάλα
1119 822 1234 909 clypeol-

4 965 5 1000 t
125 957 220 1000 νουσα
238 942 297 998 τῶν
313 929 486 1019 ἀνθρώπων
503 943 539 1022 τῇ
560 933 709 1024 προσόδῳ,
729 929 791 999 ἀλλ’
815 931 911 1016 ὥσπερ
928 929 967 996 δν
978 930 1145 1018 χειροήθης,
1160 925 1234 996 διτα-

125 1047 219 1105 στᾶσα
241 1048 300 1105 τῶν
308 1046 428 1125 βρεφῶν
441 1037 545 1125 ἠρέμα,
561 1043 612 1105 καὶ
630 1037 705 1106 κατὰ
720 1036 833 1122 πολλὴν
845 1033 969 1122 σἰλογίαν
989 1048 1043 1106 τοῦ
1061 1045 1236 1121 ποιμενικοῦ

124 1143 229 1228 ὁμίλου
250 1141 348 1234 ἀπῄει.
370 1149 421 1211 ναὶ
436 1137 476 1230 ἦν
490 1147 547 1232 γάρ
570 1174 613 1224 τις
634 1143 672 1211 οὗ
691 1142 768 1212 meld
782 1141 899 1229 σἰττὲχαν
919 1143 995 1228 ἱερὸς
1012 1153 1104 1230 χῶρος
1119 1167 1147 1208 e.
1163 1168 1192 1227 q.
1208 1168 1232 1208 s.

125 1257 211 1316 Pueri
245 1275 261 1316 a
289 1255 428 1316 Faustulo
455 1259 569 1335 recepti
601 1257 758 1318 educantur
789 1259 864 1316 inter
895 1265 1047 1335 pastores:
1076 1257 1233 1316 certamina

125 1364 291 1422 instituunt:
322 1361 380 1422 lroc
411 1363 486 1422 enim
515 1362 656 1422 iudicatur
684 1363 719 1424 fr.
747 1363 810 1424 LIV
842 1362 919 1425 conl.
951 1361 1055 1422 Ouidio
1091 1362 1169 1422 Fast.
1208 1362 1233 1423 ll

125 1470 187 1530 365
217 1475 351 1530 Romulus
385 1480 412 1528 et
437 1472 533 1545 frater
563 1474 771 1546 pastoralisque
797 1477 922 1530 quentas
951 1472 1057 1528 Solibus
1083 1477 1110 1527 et
1137 1488 1236 1544 cumpo

125 1597 248 1652 corporo
269 1580 346 1636 nudo
367 1578 479 1634 dobunt.
525 1579 666 1634 Coestidns
689 1584 716 1634 et
742 1581 840 1636 incutis
868 1586 895 1635 et
920 1581 1003 1634 misso
1025 1578 1152 1650 peredere
1170 1580 1237 1634 sesi

102 1687 271 1742 -sssacelzio
293 1699 349 1757 per
380 1686 457 1740 tusus
483 1685 655 1757 capessenda
685 1684 798 1740 dabant.
850 1681 948 1760 Atque
979 1679 1054 1741 haec
1086 1690 1234 1758 postrema

127 1787 321 1848 consideranti
345 1803 402 1846 non
424 1786 523 1863 inepte
544 1785 648 1846 uideor
674 1788 812 1848 conicere
837 1787 894 1848 huc
918 1789 1067 1866 pertinere
1097 1805 1113 1848 a
1138 1787 1234 1848 Nouio

126 1913 155 1973 p.
180 1893 252 1969 211,
276 1886 443 1954 8'sematos
464 1891 628 1952 uersiculos
641 1904 715 1954 tanto
735 1899 859 1954 αιδὶοιοε
876 1905 941 1956 sunt
957 1899 1090 1971 Acpmr'oe
1111 1903 1176 1954 tune
1193 1899 1235 1952 lo·

122 2006 205 2076 pides
228 2001 302 2078 (ino.
326 1999 389 2060 sed.
415 1996 587 2078 LXXVIII).
1196 2063 1202 2091 ⁸

213 2107 354 2167 Latrones
389 2105 499 2184 praeda
534 2113 655 2164 onustos
683 2104 890 2182 adgrediuntur
919 2105 1019 2185 (LV):
1060 2123 1144 2183 quam
1174 2120 1236 2164 rem

127 2211 235 2286 tangit,
266 2212 319 2272 sed
346 2213 385 2272 ita
412 2219 444 2270 ut
474 2211 625 2291 discrepet
645 2230 702 2271 non
724 2211 794 2272 nihil
823 2213 859 2272 ab
888 2213 998 2288 Ennio,
1028 2209 1147 2271 Ouidius
1171 2209 1189 2268 l.
1214 2208 1233 2268 l.

121 2326 223 2390 postor
240 2321 275 2376 ab
297 2310 483 2393 exeemo‘per
509 2323 591 2378 deuio
616 2341 688 2380 rura
716 2327 847 2379 ιἀασνιοοσ
869 2322 994 2390 Romule,
1014 2321 1185 2392 praedones,
1211 2324 1239 2374 et

127 2425 243 2482 Remet'
264 2428 337 2484 dtinuit
361 2429 480 2501 ‘ayunt'
530 2429 653 2502 Lonpum
673 2436 736 2485 erat
761 2431 877 2484 ormari.
899 2429 1017 2484 diuersis
1039 2428 1097 2482 exal
1122 2431 1238 2498 uterque

125 2531 267 2588 Parta'lrus.
302 2549 421 2590 occursu
436 2527 551 2607 praedo
565 2541 677 2607 recepta
699 2535 789 2590 Remi.
812 2526 859 2589 ct.
882 2526 1005 2588 Liuiusl
1025 2528 1056 2587 4.

213 2631 334 2714 Capitur
356 2635 464 2696 Remus
487 2655 522 2696 ac
543 2635 696 2696 deducitur
719 2635 755 2695 ad
781 2634 934 2694 Amulium.
977 2634 1135 2696 Numitoris
1162 2638 1236 2696 enim

127 2740 206 2800 nulla
228 2751 298 2819 puto
322 2742 396 2822 apud
418 2742 540 2804 Ennium
565 2742 672 2800 mentio
696 2741 759 2801 luit.
803 2739 911 2800 Verbis
931 2758 1005 2820 quae
1034 2741 1069 2799 lr.
1084 2740 1147 2802 LVI
1173 2741 1236 2801 elli·

129 2849 206 2906 ciunt
224 2847 364 2909 Romulus
386 2849 423 2908 de
439 2849 553 2924 origine
576 2864 628 2906 sua
651 2845 687 2906 al)
712 2843 850 2906 Faustulo
873 2846 996 2906 edoctus
1024 2845 1169 2907 Amulium
1194 2850 1235 2909 ui-

126 2953 212 3014 detur
234 2953 397 3032 adpellare,
420 2953 499 3031 quod
523 2970 623 3030 parum
642 2952 804 3012 clementer
826 2950 946 3012 Remum
977 2966 1063 3030 quem
1093 2953 1229 3029 ignorare

128 3067 293 3119 tractasset.

212 3163 257 3223 Εο
282 3165 350 3225 loco
374 3182 431 3244 qno
456 3165 583 3244 expositi
608 3173 636 3224 et
659 3164 774 3225 educati
797 3172 878 3222 erant
897 3147 1003 3223 urbem
1020 3173 1157 3225 extruere
1179 3166 1236 3226 ira·

128 3276 189 3326 tres
209 3270 394 3332 constituunt.
440 3272 573 3348 Augusto
598 3269 719 3346 augurio
740 3267 812 3344 (luc.
843 3268 905 3329 sed.
928 3267 1005 3329 XLll
1032 3271 1070 3330 cl.
1094 3271 1236 3349 Schweg·

127 3372 207 3432 lerus
232 3373 305 3434 HIst.
331 3376 414 3437 llum.
440 3377 559 3454 1440)
591 3373 703 3433 liumant
730 3376 889 3450 Inceptum:
925 3375 1023 3453 itaque
1049 3395 1131 3436 suum
1160 3387 1237 3438 uter-

127 3497 185 3556 que
209 3499 295 3559 quem
317 3487 353 3546 ad
375 3485 523 3562 augurInm
547 3479 719 3558 capiendum
741 3479 893 3556 elegerant
918 3490 1043 3542 montem
1065 3484 1235 3560 ascendunt,

127 3585 182 3646 sub
202 3597 317 3648 noctem
340 3600 370 3650 ut
389 3587 570 3651 consuetudo
596 3585 721 3645 ferebat.
767 3581 813 3643 cf.
847 3584 1023 3647 Niebuhrius
1048 3588 1121 3648 llist.
1152 3589 1236 3649 Rom.

127 3690 141 3751 I
170 3690 231 3753 248
261 3703 290 3753 et
318 3692 528 3770 Schweglerus
563 3691 582 3750 l.
614 3691 633 3749 l.
668 3707 696 3768 p.
721 3689 792 3750 388.
837 3690 896 3752 Sed
930 3690 1134 3769 Niebuhrium,
1172 3713 1237 3770 cum

128 3807 219 3858 totum
243 3798 318 3859 diem
348 3809 377 3858 et
406 3808 522 3858 noctem
551 3815 604 3857 eos
625 3805 803 3875 expectasse
826 3800 977 3875 augurium
998 3799 1151 3876 crederet,
1182 3798 1238 3862 ‘sol

126 3903 222 3964 albus'
250 3923 336 3982 quem
364 3905 473 3966 Ennius
497 3924 525 3964 u.
556 3903 598 3963 92
629 3903 698 3963 dicit
728 3902 843 3962 lelellit.
877 3903 983 3966 Lunam
1017 3907 1093 3966 enim
1122 3907 1159 3966 ita
1190 3906 1239 3966 ad·

128 4008 244 4088 pellari,
267 4028 344 4069 noue
366 4012 492 4091 quidem,
516 4011 627 4071 llerula
643 4010 731 4070 uidit:
754 4011 799 4070 cui
822 4012 984 4070 sententiae
1008 4013 1145 4072 conuenit
1174 4013 1238 4090 ipse

128 4133 264 4174 uersuum
287 4134 379 4177 nexrrs
402 4135 437 4176 ac
460 4117 631 4176 narrationis
653 4133 840 4195 progressus.
888 4117 1027 4176 Romulus
1054 4117 1090 4178 de
1119 4120 1240 4195 augurio

129 4220 303 4282 AuentInum
327 4223 483 4300 occupauit
496 4222 549 4299 ·(u.
572 4221 645 4300 84);
670 4223 793 4281 seorsim
820 4240 836 4280 a
860 4221 976 4299 uulgata
993 4223 1142 4299 memoria,
1165 4243 1241 4302 quae

130 4324 305 4388 Auentinum
329 4327 433 4402 llemo,
455 4327 579 4387 llcmulo
606 4327 732 4388 niudicat
753 4327 928 4388 Palatlnum:
960 4329 997 4388 cf.
1033 4327 1241 4406 Schweglerus

992 4427 1033 4486 ὓ*
