<?xml version="1.0" encoding="UTF-8"?>
<!DOCTYPE html PUBLIC "-//W3C//DTD XHTML 1.0 Transitional//EN"
    "http://www.w3.org/TR/xhtml1/DTD/xhtml1-transitional.dtd">
<html xmlns="http://www.w3.org/1999/xhtml" xml:lang="en" lang="en">
 <head>
  <title>
</title>
<meta http-equiv="Content-Type" content="text/html;charset=utf-8" />
  <meta name='ocr-system' content='tesseract 3.04.00' />
  <meta name='ocr-capabilities' content='ocr_page ocr_carea ocr_par ocr_line ocrx_word'/>
</head>
<body>
  <div class='ocr_page' id='page_1' title='image "./ennianaepoesisr01ennigoog_0222.png"; bbox 0 0 2984 5048; ppageno 0'>
   <div class='ocr_carea' id='block_1_1' title="bbox 640 419 990 478">
    <p class='ocr_par' dir='ltr' id='par_1_1' title="bbox 640 419 990 478">
     <span class='ocr_line' id='line_1_1' title="bbox 640 419 990 478; baseline 0 -2"><span class='ocrx_word' id='word_1_1' title='bbox 640 419 990 478; x_wconf 74' lang='lat' dir='ltr'>Tnnoounlnnvn</span> 
     </span>
    </p>
   </div>
   <div class='ocr_carea' id='block_1_2' title="bbox 464 587 1108 684">
    <p class='ocr_par' dir='ltr' id='par_1_2' title="bbox 464 587 1108 684">
     <span class='ocr_line' id='line_1_2' title="bbox 464 587 1108 684; baseline -0.006 -22"><span class='ocrx_word' id='word_1_2' title='bbox 464 589 600 684; x_wconf 83' lang='lat' dir='ltr'>Coge&#39;ns</span> <span class='ocrx_word' id='word_1_3' title='bbox 619 589 759 661; x_wconf 89' lang='lat' dir='ltr'>sublime</span> <span class='ocrx_word' id='word_1_4' title='bbox 776 589 873 662; x_wconf 83' lang='lat' dir='ltr'>etiam</span> <span class='ocrx_word' id='word_1_5' title='bbox 894 590 993 683; x_wconf 76' lang='lat' dir='ltr'>itque</span> <span class='ocrx_word' id='word_1_6' title='bbox 1011 587 1108 658; x_wconf 82' lang='lat' dir='ltr'>etism</span> 
     </span>
    </p>
   </div>
   <div class='ocr_carea' id='block_1_3' title="bbox 466 693 825 864">
    <p class='ocr_par' dir='ltr' id='par_1_3' title="bbox 466 693 825 864">
     <span class='ocr_line' id='line_1_3' title="bbox 466 693 825 864; baseline -0.008 -98"><span class='ocrx_word' id='word_1_7' title='bbox 466 693 579 766; x_wconf 85' lang='lat' dir='ltr'>Noctis</span> <span class='ocrx_word' id='word_1_8' title='bbox 597 693 668 764; x_wconf 84' lang='lat' dir='ltr'>iter.</span> <span class='ocrx_word' id='word_1_9' title='bbox 797 794 825 864; x_wconf 74' lang='lat' dir='ltr'>H</span> 
     </span>
    </p>
   </div>
   <div class='ocr_carea' id='block_1_4' title="bbox 461 915 1144 1207">
    <p class='ocr_par' dir='ltr' id='par_1_4' title="bbox 461 915 1144 1207">
     <span class='ocr_line' id='line_1_4' title="bbox 707 915 918 1007; baseline -0.014 -23"><span class='ocrx_word' id='word_1_10' title='bbox 707 915 918 1007; x_wconf 82' lang='lat' dir='ltr'>Agamemno</span> 
     </span>
     <span class='ocr_line' id='line_1_5' title="bbox 461 1014 1109 1110; baseline -0.003 -24"><span class='ocrx_word' id='word_1_11' title='bbox 461 1015 626 1086; x_wconf 79' lang='lat' dir='ltr'>Procede:</span> <span class='ocrx_word' id='word_1_12' title='bbox 654 1017 795 1110; x_wconf 85' lang='lat' dir='ltr'>gradum</span> <span class='ocrx_word' id='word_1_13' title='bbox 818 1015 969 1107; x_wconf 73' lang='lat' dir='ltr'>proferre</span> <span class='ocrx_word' id='word_1_14' title='bbox 988 1014 1109 1106; x_wconf 91' lang='lat' dir='ltr'>pedum</span> 
     </span>
     <span class='ocr_line' id='line_1_6' title="bbox 464 1118 1144 1207; baseline -0.004 -17"><span class='ocrx_word' id='word_1_15' title='bbox 464 1119 591 1190; x_wconf 78' lang='lat' dir='ltr'>Nitere:</span> <span class='ocrx_word' id='word_1_16' title='bbox 620 1141 751 1207; x_wconf 85' lang='lat' dir='ltr'>cessas,</span> <span class='ocrx_word' id='word_1_17' title='bbox 779 1119 887 1191; x_wconf 87' lang='lat' dir='ltr'>oiide</span> <span class='ocrx_word' id='word_1_18' title='bbox 905 1118 1033 1189; x_wconf 81' lang='lat' dir='ltr'>senex?</span> <span class='ocrx_word' id='word_1_19' title='bbox 1141 1199 1144 1207; x_wconf 24' lang='grc' dir='ltr'>Ι</span> 
     </span>
    </p>
   </div>
   <div class='ocr_carea' id='block_1_5' title="bbox 775 1253 847 1327">
    <p class='ocr_par' dir='ltr' id='par_1_5' title="bbox 775 1253 847 1327">
     <span class='ocr_line' id='line_1_7' title="bbox 775 1253 847 1327; baseline -0.028 0"><span class='ocrx_word' id='word_1_20' title='bbox 775 1253 847 1327; x_wconf 81' lang='lat' dir='ltr'>lll*</span> 
     </span>
    </p>
   </div>
   <div class='ocr_carea' id='block_1_6' title="bbox 271 1368 1075 1571">
    <p class='ocr_par' dir='ltr' id='par_1_6' title="bbox 271 1368 1075 1571">
     <span class='ocr_line' id='line_1_8' title="bbox 271 1368 1072 1465; baseline -0.004 -25"><span class='ocrx_word' id='word_1_21' title='bbox 271 1378 333 1440; x_wconf 79' lang='lat'>250</span> <span class='ocrx_word' id='word_1_22' title='bbox 440 1455 442 1462; x_wconf 21' lang='grc' dir='ltr'>Ι</span> <span class='ocrx_word' id='word_1_23' title='bbox 466 1371 639 1465; x_wconf 84' lang='lat' dir='ltr'>[Gallique]</span> <span class='ocrx_word' id='word_1_24' title='bbox 661 1374 775 1444; x_wconf 86' lang='lat' dir='ltr'>iauent</span> <span class='ocrx_word' id='word_1_25' title='bbox 795 1372 946 1444; x_wconf 81' lang='lat' dir='ltr'>saucnus</span> <span class='ocrx_word' id='word_1_26' title='bbox 965 1368 1072 1439; x_wconf 90' lang='lat' dir='ltr'>russis</span> 
     </span>
     <span class='ocr_line' id='line_1_9' title="bbox 465 1471 1075 1571; baseline -0.005 -27"><span class='ocrx_word' id='word_1_27' title='bbox 465 1473 586 1561; x_wconf 79' lang='lat' dir='ltr'>Contu,</span> <span class='ocrx_word' id='word_1_28' title='bbox 614 1478 801 1571; x_wconf 82' lang='lat' dir='ltr'>plausuque</span> <span class='ocrx_word' id='word_1_29' title='bbox 822 1474 974 1568; x_wconf 82' lang='lat' dir='ltr'>premunt</span> <span class='ocrx_word' id='word_1_30' title='bbox 995 1471 1075 1542; x_wconf 81' lang='lat' dir='ltr'>alas.</span> 
     </span>
    </p>
   </div>
   <div class='ocr_carea' id='block_1_7' title="bbox 788 1613 836 1683">
    <p class='ocr_par' dir='ltr' id='par_1_7' title="bbox 788 1613 836 1683">
     <span class='ocr_line' id='line_1_10' title="bbox 788 1613 836 1683; baseline -0.042 0"><span class='ocrx_word' id='word_1_31' title='bbox 788 1613 836 1683; x_wconf 94' lang='lat' dir='ltr'>lV</span> 
     </span>
    </p>
   </div>
   <div class='ocr_carea' id='block_1_8' title="bbox 358 1729 1386 2130">
    <p class='ocr_par' dir='ltr' id='par_1_8' title="bbox 358 1729 1386 2130">
     <span class='ocr_line' id='line_1_11' title="bbox 411 1729 1157 1925; baseline -0.007 -27"><span class='ocrx_word' id='word_1_32' title='bbox 411 1823 497 1898; x_wconf 85' lang='lat' dir='ltr'>&#39;Olio</span> <span class='ocrx_word' id='word_1_33' title='bbox 520 1827 575 1921; x_wconf 92' lang='lat' dir='ltr'>qui</span> <span class='ocrx_word' id='word_1_34' title='bbox 598 1829 703 1902; x_wconf 75' lang='lat' dir='ltr'>nescit</span> <span class='ocrx_word' id='word_1_35' title='bbox 723 1729 892 1925; x_wconf 53' lang='lat' dir='ltr'>utcilopllliss</span> <span class='ocrx_word' id='word_1_36' title='bbox 914 1825 1029 1921; x_wconf 85' lang='lat' dir='ltr'>negoti</span> <span class='ocrx_word' id='word_1_37' title='bbox 1048 1826 1157 1910; x_wconf 86' lang='lat' dir='ltr'>habet,</span> 
     </span>
     <span class='ocr_line' id='line_1_12' title="bbox 359 1927 1346 2027; baseline -0.007 -26"><span class='ocrx_word' id='word_1_38' title='bbox 359 1929 465 2014; x_wconf 67' lang='lat' dir='ltr'>Quem</span> <span class='ocrx_word' id='word_1_39' title='bbox 489 1929 690 2027; x_wconf 82' lang='lat' dir='ltr'>[negotioso]</span> <span class='ocrx_word' id='word_1_40' title='bbox 713 1937 766 2006; x_wconf 87' lang='lat' dir='ltr'>cui</span> <span class='ocrx_word' id='word_1_41' title='bbox 787 1941 838 2006; x_wconf 83' lang='lat' dir='ltr'>est</span> <span class='ocrx_word' id='word_1_42' title='bbox 857 1931 1028 2027; x_wconf 79' lang='lat' dir='ltr'>negotium</span> <span class='ocrx_word' id='word_1_43' title='bbox 1048 1929 1081 2000; x_wconf 92' lang='lat' dir='ltr'>in</span> <span class='ocrx_word' id='word_1_44' title='bbox 1104 1927 1257 2021; x_wconf 85' lang='lat' dir='ltr'>negdtio.</span> <span class='ocrx_word' id='word_1_45' title='bbox 1334 1939 1346 1956; x_wconf 83' lang='grc'><strong>“</strong></span> 
     </span>
     <span class='ocr_line' id='line_1_13' title="bbox 358 2029 1386 2130; baseline -0.005 -27"><span class='ocrx_word' id='word_1_46' title='bbox 358 2034 441 2104; x_wconf 72' lang='lat' dir='ltr'>Nom</span> <span class='ocrx_word' id='word_1_47' title='bbox 456 2035 509 2104; x_wconf 90' lang='lat' dir='ltr'>cui</span> <span class='ocrx_word' id='word_1_48' title='bbox 527 2035 616 2130; x_wconf 92' lang='lat' dir='ltr'>quod</span> <span class='ocrx_word' id='word_1_49' title='bbox 633 2042 713 2130; x_wconf 80' lang='lat' dir='ltr'>agat</span> <span class='ocrx_word' id='word_1_50' title='bbox 730 2037 955 2120; x_wconf 85' lang='lat' dir='ltr'>institutumsl,</span> <span class='ocrx_word' id='word_1_51' title='bbox 976 2033 1068 2105; x_wconf 81' lang='lat' dir='ltr'>nirllo</span> <span class='ocrx_word' id='word_1_52' title='bbox 1088 2031 1206 2126; x_wconf 83' lang='lat' dir='ltr'>[quasi]</span> <span class='ocrx_word' id='word_1_53' title='bbox 1229 2029 1386 2123; x_wconf 82' lang='lat' dir='ltr'>negotio</span> 
     </span>
    </p>
   </div>
   <div class='ocr_carea' id='block_1_9' title="bbox 255 2231 1382 2926">
    <p class='ocr_par' dir='ltr' id='par_1_9' title="bbox 255 2231 1382 2926">
     <span class='ocr_line' id='line_1_14' title="bbox 255 2231 1382 2306; baseline -0.006 -21"><span class='ocrx_word' id='word_1_54' title='bbox 255 2248 283 2296; x_wconf 65' lang='lat' dir='ltr'>o,</span> <span class='ocrx_word' id='word_1_55' title='bbox 299 2235 315 2284; x_wconf 81' lang='lat'>2</span> <span class='ocrx_word' id='word_1_56' title='bbox 331 2249 357 2299; x_wconf 93' lang='lat' dir='ltr'>p.</span> <span class='ocrx_word' id='word_1_57' title='bbox 374 2233 421 2284; x_wconf 79' lang='lat'>121</span> <span class='ocrx_word' id='word_1_58' title='bbox 440 2234 505 2286; x_wconf 88' lang='lat' dir='ltr'>Oud.</span> <span class='ocrx_word' id='word_1_59' title='bbox 526 2238 710 2302; x_wconf 76' lang='lat' dir='ltr'>‘suspicientes</span> <span class='ocrx_word' id='word_1_60' title='bbox 727 2241 752 2289; x_wconf 90' lang='lat' dir='ltr'>in</span> <span class='ocrx_word' id='word_1_61' title='bbox 765 2240 815 2289; x_wconf 90' lang='lat' dir='ltr'>hoc</span> <span class='ocrx_word' id='word_1_62' title='bbox 827 2239 1014 2306; x_wconf 78' lang='lat' dir='ltr'>perfectissimo</span> <span class='ocrx_word' id='word_1_63' title='bbox 1029 2233 1151 2294; x_wconf 88' lang='lat' dir='ltr'>mundi,</span> <span class='ocrx_word' id='word_1_64' title='bbox 1171 2241 1198 2283; x_wconf 88' lang='lat' dir='ltr'>ut</span> <span class='ocrx_word' id='word_1_65' title='bbox 1211 2233 1249 2281; x_wconf 77' lang='lat' dir='ltr'>ait</span> <span class='ocrx_word' id='word_1_66' title='bbox 1263 2231 1382 2288; x_wconf 87' lang='lat' dir='ltr'>Ennius,</span> 
     </span>
     <span class='ocr_line' id='line_1_15' title="bbox 255 2300 1380 2372; baseline -0.004 -18"><span class='ocrx_word' id='word_1_67' title='bbox 255 2301 379 2368; x_wconf 71' lang='lat' dir='ltr'>clipeo,</span> <span class='ocrx_word' id='word_1_68' title='bbox 398 2303 471 2354; x_wconf 89' lang='lat' dir='ltr'>miris</span> <span class='ocrx_word' id='word_1_69' title='bbox 485 2304 629 2372; x_wconf 83' lang='lat' dir='ltr'>fulgoribus</span> <span class='ocrx_word' id='word_1_70' title='bbox 643 2309 914 2360; x_wconf 62' lang='lat' dir='ltr'>uenerandumne</span> <span class='ocrx_word' id='word_1_71' title='bbox 984 2307 1008 2356; x_wconf 92' lang='lat'>11</span> <span class='ocrx_word' id='word_1_72' title='bbox 1028 2306 1119 2355; x_wconf 85' lang='lat' dir='ltr'>Festus</span> <span class='ocrx_word' id='word_1_73' title='bbox 1132 2319 1159 2369; x_wconf 90' lang='lat' dir='ltr'>p.</span> <span class='ocrx_word' id='word_1_74' title='bbox 1176 2300 1227 2354; x_wconf 81' lang='lat'>249</span> <span class='ocrx_word' id='word_1_75' title='bbox 1241 2301 1281 2352; x_wconf 90' lang='lat' dir='ltr'>M.</span> <span class='ocrx_word' id='word_1_76' title='bbox 1307 2303 1316 2326; x_wconf 86' lang='lat'><strong><em>⁴</em></strong></span> <span class='ocrx_word' id='word_1_77' title='bbox 1321 2316 1380 2366; x_wconf 90' lang='lat' dir='ltr'>pe-</span> 
     </span>
     <span class='ocr_line' id='line_1_16' title="bbox 256 2370 1379 2445; baseline -0.003 -25"><span class='ocrx_word' id='word_1_78' title='bbox 256 2371 328 2420; x_wconf 88' lang='lat' dir='ltr'>dum</span> <span class='ocrx_word' id='word_1_79' title='bbox 345 2380 384 2424; x_wconf 88' lang='lat' dir='ltr'>est</span> <span class='ocrx_word' id='word_1_80' title='bbox 399 2374 502 2436; x_wconf 88' lang='lat' dir='ltr'>quidem</span> <span class='ocrx_word' id='word_1_81' title='bbox 516 2376 635 2426; x_wconf 80' lang='lat' dir='ltr'>baculum</span> <span class='ocrx_word' id='word_1_82' title='bbox 650 2378 797 2439; x_wconf 82' lang='lat' dir='ltr'>inoumnm,</span> <span class='ocrx_word' id='word_1_83' title='bbox 823 2393 872 2442; x_wconf 90' lang='lat' dir='ltr'>quo</span> <span class='ocrx_word' id='word_1_84' title='bbox 887 2385 1003 2445; x_wconf 73' lang='lat' dir='ltr'>pastores</span> <span class='ocrx_word' id='word_1_85' title='bbox 1015 2381 1120 2425; x_wconf 88' lang='lat' dir='ltr'>utuntur</span> <span class='ocrx_word' id='word_1_86' title='bbox 1131 2400 1167 2410; x_wconf 89' lang='lat'>—</span> <span class='ocrx_word' id='word_1_87' title='bbox 1178 2401 1212 2410; x_wconf 94' lang='lat'>-</span> <span class='ocrx_word' id='word_1_88' title='bbox 1225 2397 1264 2408; x_wconf 90' lang='lat'>-</span> <span class='ocrx_word' id='word_1_89' title='bbox 1285 2370 1379 2420; x_wconf 92' lang='lat' dir='ltr'>sedin</span> 
     </span>
     <span class='ocr_line' id='line_1_17' title="bbox 256 2440 1380 2514; baseline -0.002 -24"><span class='ocrx_word' id='word_1_90' title='bbox 256 2455 286 2491; x_wconf 86' lang='lat' dir='ltr'>eo</span> <span class='ocrx_word' id='word_1_91' title='bbox 301 2456 377 2493; x_wconf 87' lang='lat' dir='ltr'>uersu</span> <span class='ocrx_word' id='word_1_92' title='bbox 391 2444 435 2506; x_wconf 89' lang='lat' dir='ltr'>qui</span> <span class='ocrx_word' id='word_1_93' title='bbox 449 2451 487 2494; x_wconf 83' lang='lat' dir='ltr'>est</span> <span class='ocrx_word' id='word_1_94' title='bbox 500 2444 526 2494; x_wconf 87' lang='lat' dir='ltr'>in</span> <span class='ocrx_word' id='word_1_95' title='bbox 540 2445 676 2512; x_wconf 78' lang='lat' dir='ltr'>Iphigenia</span> <span class='ocrx_word' id='word_1_96' title='bbox 688 2449 768 2500; x_wconf 84' lang='lat' dir='ltr'>Enni:</span> <span class='ocrx_word' id='word_1_97' title='bbox 788 2449 927 2514; x_wconf 84' lang='lat' dir='ltr'>procede</span> <span class='ocrx_word' id='word_1_98' title='bbox 1022 2443 1151 2495; x_wconf 74' lang='lat' dir='ltr'>cosses?</span> <span class='ocrx_word' id='word_1_99' title='bbox 1169 2443 1196 2492; x_wconf 93' lang='lat' dir='ltr'>id</span> <span class='ocrx_word' id='word_1_100' title='bbox 1214 2442 1310 2506; x_wconf 86' lang='lat' dir='ltr'>ipsum</span> <span class='ocrx_word' id='word_1_101' title='bbox 1332 2440 1380 2488; x_wconf 83' lang='lat' dir='ltr'>bs-</span> 
     </span>
     <span class='ocr_line' id='line_1_18' title="bbox 256 2509 1376 2582; baseline -0.003 -22"><span class='ocrx_word' id='word_1_102' title='bbox 256 2509 341 2582; x_wconf 86' lang='lat' dir='ltr'>oulum</span> <span class='ocrx_word' id='word_1_103' title='bbox 361 2513 501 2579; x_wconf 76' lang='lat' dir='ltr'>significari</span> <span class='ocrx_word' id='word_1_104' title='bbox 520 2531 578 2565; x_wconf 89' lang='lat' dir='ltr'>cum</span> <span class='ocrx_word' id='word_1_105' title='bbox 596 2517 762 2579; x_wconf 67' lang='lat' dir='ltr'>adversius,</span> <span class='ocrx_word' id='word_1_106' title='bbox 782 2519 870 2568; x_wconf 86' lang='lat' dir='ltr'>mirari</span> <span class='ocrx_word' id='word_1_107' title='bbox 890 2517 952 2568; x_wconf 79' lang='lat' dir='ltr'>estis</span> <span class='ocrx_word' id='word_1_108' title='bbox 967 2529 1017 2566; x_wconf 90' lang='lat' dir='ltr'>non</span> <span class='ocrx_word' id='word_1_109' title='bbox 1036 2529 1155 2580; x_wconf 86' lang='lat' dir='ltr'>possum,</span> <span class='ocrx_word' id='word_1_110' title='bbox 1175 2527 1231 2561; x_wconf 91' lang='lat' dir='ltr'>cum</span> <span class='ocrx_word' id='word_1_111' title='bbox 1251 2511 1290 2560; x_wconf 84' lang='lat' dir='ltr'>sit</span> <span class='ocrx_word' id='word_1_112' title='bbox 1312 2509 1376 2558; x_wconf 91' lang='lat' dir='ltr'>ordo</span> 
     </span>
     <span class='ocr_line' id='line_1_19' title="bbox 255 2579 1377 2654; baseline -0.012 -13"><span class='ocrx_word' id='word_1_113' title='bbox 255 2579 327 2640; x_wconf 61' lang='lat'><strong>²²5⁸,</strong></span> <span class='ocrx_word' id='word_1_114' title='bbox 352 2589 377 2632; x_wconf 77' lang='lat' dir='ltr'>et</span> <span class='ocrx_word' id='word_1_115' title='bbox 395 2598 442 2648; x_wconf 91' lang='lat' dir='ltr'>per</span> <span class='ocrx_word' id='word_1_116' title='bbox 461 2599 519 2634; x_wconf 88' lang='lat' dir='ltr'>eum</span> <span class='ocrx_word' id='word_1_117' title='bbox 537 2585 690 2650; x_wconf 83' lang='lat' dir='ltr'>significatio</span> <span class='ocrx_word' id='word_1_118' title='bbox 711 2595 814 2654; x_wconf 82' lang='lat' dir='ltr'>aperta,</span> <span class='ocrx_word' id='word_1_119' title='bbox 833 2589 968 2654; x_wconf 82' lang='lat' dir='ltr'>gradum</span> <span class='ocrx_word' id='word_1_120' title='bbox 987 2584 1140 2651; x_wconf 82' lang='lat' dir='ltr'>prolerre</span> <span class='ocrx_word' id='word_1_121' title='bbox 1158 2582 1280 2648; x_wconf 87' lang='lat' dir='ltr'>pedum</span> <span class='ocrx_word' id='word_1_122' title='bbox 1301 2594 1377 2629; x_wconf 88' lang='lat' dir='ltr'>ces-</span> 
     </span>
     <span class='ocr_line' id='line_1_20' title="bbox 256 2647 1375 2724; baseline -0.002 -26"><span class='ocrx_word' id='word_1_123' title='bbox 256 2650 328 2699; x_wconf 81' lang='lat' dir='ltr'>sus?</span> <span class='ocrx_word' id='word_1_124' title='bbox 344 2651 469 2702; x_wconf 67' lang='lat' dir='ltr'>nitere!</span> <span class='ocrx_word' id='word_1_125' title='bbox 493 2652 542 2719; x_wconf 81' lang='lat' dir='ltr'>(ol.</span> <span class='ocrx_word' id='word_1_126' title='bbox 565 2655 596 2703; x_wconf 90' lang='lat' dir='ltr'>H.</span> <span class='ocrx_word' id='word_1_127' title='bbox 611 2655 708 2706; x_wconf 88' lang='lat' dir='ltr'>lleilius</span> <span class='ocrx_word' id='word_1_128' title='bbox 726 2658 743 2707; x_wconf 89' lang='lat' dir='ltr'>l.</span> <span class='ocrx_word' id='word_1_129' title='bbox 763 2658 780 2706; x_wconf 87' lang='grc' dir='ltr'>Ι,</span> <span class='ocrx_word' id='word_1_130' title='bbox 800 2673 826 2724; x_wconf 89' lang='lat' dir='ltr'>p.</span> <span class='ocrx_word' id='word_1_131' title='bbox 841 2656 907 2722; x_wconf 80' lang='lat'>023)</span> <span class='ocrx_word' id='word_1_132' title='bbox 939 2654 1026 2706; x_wconf 83' lang='lat' dir='ltr'>Schol.</span> <span class='ocrx_word' id='word_1_133' title='bbox 1048 2655 1143 2703; x_wconf 83' lang='lat' dir='ltr'>Veron.</span> <span class='ocrx_word' id='word_1_134' title='bbox 1165 2653 1191 2701; x_wconf 92' lang='lat' dir='ltr'>in</span> <span class='ocrx_word' id='word_1_135' title='bbox 1209 2652 1293 2716; x_wconf 86' lang='lat' dir='ltr'>Verg.</span> <span class='ocrx_word' id='word_1_136' title='bbox 1318 2647 1375 2698; x_wconf 75' lang='lat' dir='ltr'>Eoi,</span> 
     </span>
     <span class='ocr_line' id='line_1_21' title="bbox 255 2717 1374 2788; baseline -0.004 -18"><span class='ocrx_word' id='word_1_137' title='bbox 255 2719 281 2780; x_wconf 76' lang='lat'>5,</span> <span class='ocrx_word' id='word_1_138' title='bbox 294 2717 369 2784; x_wconf 69' lang='lat'>8811.</span> <span class='ocrx_word' id='word_1_139' title='bbox 384 2721 418 2770; x_wconf 78' lang='lat'>72</span> <span class='ocrx_word' id='word_1_140' title='bbox 432 2721 497 2771; x_wconf 85' lang='lat' dir='ltr'>Keil.</span> <span class='ocrx_word' id='word_1_141' title='bbox 524 2723 634 2788; x_wconf 89' lang='lat' dir='ltr'>‘pedum</span> <span class='ocrx_word' id='word_1_142' title='bbox 648 2734 732 2776; x_wconf 82' lang='lat' dir='ltr'>nutem</span> <span class='ocrx_word' id='word_1_143' title='bbox 746 2733 784 2776; x_wconf 90' lang='lat' dir='ltr'>est</span> <span class='ocrx_word' id='word_1_144' title='bbox 796 2727 916 2776; x_wconf 82' lang='lat' dir='ltr'>baculum</span> <span class='ocrx_word' id='word_1_145' title='bbox 930 2739 1077 2782; x_wconf 88' lang='lat' dir='ltr'>recuruum,</span> <span class='ocrx_word' id='word_1_146' title='bbox 1097 2736 1146 2785; x_wconf 89' lang='lat' dir='ltr'>quo</span> <span class='ocrx_word' id='word_1_147' title='bbox 1161 2729 1280 2787; x_wconf 79' lang='lat' dir='ltr'>pastores</span> <span class='ocrx_word' id='word_1_148' title='bbox 1296 2727 1374 2768; x_wconf 91' lang='lat' dir='ltr'>utun-</span> 
     </span>
     <span class='ocr_line' id='line_1_22' title="bbox 255 2786 1374 2862; baseline -0.004 -20"><span class='ocrx_word' id='word_1_149' title='bbox 255 2795 296 2837; x_wconf 80' lang='lat' dir='ltr'>tur</span> <span class='ocrx_word' id='word_1_150' title='bbox 313 2786 353 2852; x_wconf 82' lang='lat' dir='ltr'>[tlt</span> <span class='ocrx_word' id='word_1_151' title='bbox 366 2791 452 2854; x_wconf 82' lang='lat' dir='ltr'>operis</span> <span class='ocrx_word' id='word_1_152' title='bbox 466 2790 603 2858; x_wconf 77' lang='lat' dir='ltr'>auxilium]</span> <span class='ocrx_word' id='word_1_153' title='bbox 624 2802 667 2844; x_wconf 82' lang='lat' dir='ltr'>out</span> <span class='ocrx_word' id='word_1_154' title='bbox 680 2795 863 2845; x_wconf 78' lang='lat' dir='ltr'>adminiculum</span> <span class='ocrx_word' id='word_1_155' title='bbox 876 2796 971 2862; x_wconf 88' lang='lat' dir='ltr'>pedum</span> <span class='ocrx_word' id='word_1_156' title='bbox 984 2795 1031 2853; x_wconf 89' lang='lat' dir='ltr'>sit,</span> <span class='ocrx_word' id='word_1_157' title='bbox 1050 2799 1077 2841; x_wconf 91' lang='lat' dir='ltr'>ut</span> <span class='ocrx_word' id='word_1_158' title='bbox 1095 2793 1130 2841; x_wconf 87' lang='lat' dir='ltr'>sit</span> <span class='ocrx_word' id='word_1_159' title='bbox 1143 2791 1239 2840; x_wconf 84' lang='lat' dir='ltr'>Ennius</span> <span class='ocrx_word' id='word_1_160' title='bbox 1251 2791 1281 2838; x_wconf 90' lang='lat' dir='ltr'>in</span> <span class='ocrx_word' id='word_1_161' title='bbox 1296 2789 1374 2854; x_wconf 82' lang='lat' dir='ltr'>llige-</span> 
     </span>
     <span class='ocr_line' id='line_1_23' title="bbox 255 2856 1372 2926; baseline -0.003 -18"><span class='ocrx_word' id='word_1_162' title='bbox 255 2856 313 2906; x_wconf 79' lang='lat' dir='ltr'>nia:</span> <span class='ocrx_word' id='word_1_163' title='bbox 331 2859 452 2923; x_wconf 78' lang='lat' dir='ltr'>gradum’</span> <span class='ocrx_word' id='word_1_164' title='bbox 471 2877 494 2910; x_wconf 90' lang='lat' dir='ltr'>e.</span> <span class='ocrx_word' id='word_1_165' title='bbox 505 2875 530 2922; x_wconf 91' lang='lat' dir='ltr'>q.</span> <span class='ocrx_word' id='word_1_166' title='bbox 542 2877 563 2911; x_wconf 89' lang='lat' dir='ltr'>s.</span> <span class='ocrx_word' id='word_1_167' title='bbox 637 2865 672 2914; x_wconf 89' lang='grc' dir='ltr'>ΙΙΙ</span> <span class='ocrx_word' id='word_1_168' title='bbox 693 2865 781 2916; x_wconf 85' lang='lat' dir='ltr'>Cicero</span> <span class='ocrx_word' id='word_1_169' title='bbox 794 2866 826 2916; x_wconf 88' lang='lat' dir='ltr'>de</span> <span class='ocrx_word' id='word_1_170' title='bbox 841 2865 894 2914; x_wconf 87' lang='lat' dir='ltr'>diu.</span> <span class='ocrx_word' id='word_1_171' title='bbox 911 2867 933 2915; x_wconf 93' lang='lat' dir='ltr'>ll</span> <span class='ocrx_word' id='word_1_172' title='bbox 950 2864 993 2924; x_wconf 81' lang='grc'>26,</span> <span class='ocrx_word' id='word_1_173' title='bbox 1007 2864 1041 2913; x_wconf 81' lang='grc'>57</span> <span class='ocrx_word' id='word_1_174' title='bbox 1061 2865 1121 2910; x_wconf 87' lang='lat' dir='ltr'>‘cur</span> <span class='ocrx_word' id='word_1_175' title='bbox 1133 2869 1191 2911; x_wconf 81' lang='lat' dir='ltr'>onte</span> <span class='ocrx_word' id='word_1_176' title='bbox 1205 2861 1290 2910; x_wconf 83' lang='lat' dir='ltr'>lucem</span> <span class='ocrx_word' id='word_1_177' title='bbox 1307 2857 1372 2926; x_wconf 82' lang='lat' dir='ltr'>gelli</span> 
     </span>
    </p>
   </div>
   <div class='ocr_carea' id='block_1_10' title="bbox 255 2930 1372 3070">
    <p class='ocr_par' dir='ltr' id='par_1_10' title="bbox 255 2930 1372 3070">
     <span class='ocr_line' id='line_1_24' title="bbox 255 2930 1370 2994; baseline 0.007 -20"><span class='ocrx_word' id='word_1_178' title='bbox 255 2933 412 2976; x_wconf 75' lang='lat' dir='ltr'>omont</span> <span class='ocrx_word' id='word_1_179' title='bbox 434 2930 600 2992; x_wconf 88' lang='lat' dir='ltr'>quiquidem</span> <span class='ocrx_word' id='word_1_180' title='bbox 619 2933 721 2985; x_wconf 86' lang='lat' dir='ltr'>silentio</span> <span class='ocrx_word' id='word_1_181' title='bbox 741 2936 839 2994; x_wconf 86' lang='lat' dir='ltr'>noctis,</span> <span class='ocrx_word' id='word_1_182' title='bbox 863 2942 890 2984; x_wconf 88' lang='lat' dir='ltr'>ut</span> <span class='ocrx_word' id='word_1_183' title='bbox 912 2936 947 2985; x_wconf 83' lang='lat' dir='ltr'>alt</span> <span class='ocrx_word' id='word_1_184' title='bbox 967 2933 1077 2992; x_wconf 81' lang='lat' dir='ltr'>Ennius,</span> <span class='ocrx_word' id='word_1_185' title='bbox 1102 2931 1228 2981; x_wconf 82' lang='lat' dir='ltr'>iouent&#39;</span> <span class='ocrx_word' id='word_1_186' title='bbox 1253 2945 1277 2980; x_wconf 89' lang='lat' dir='ltr'>e.</span> <span class='ocrx_word' id='word_1_187' title='bbox 1299 2945 1326 2992; x_wconf 89' lang='lat' dir='ltr'>q.</span> <span class='ocrx_word' id='word_1_188' title='bbox 1348 2943 1370 2976; x_wconf 80' lang='lat' dir='ltr'>s·</span> 
     </span>
     <span class='ocr_line' id='line_1_25' title="bbox 255 2994 1372 3070; baseline 0.003 -24"><span class='ocrx_word' id='word_1_189' title='bbox 255 2995 310 3046; x_wconf 85' lang='lat' dir='ltr'>lluc</span> <span class='ocrx_word' id='word_1_190' title='bbox 329 2994 406 3046; x_wconf 75' lang='lat' dir='ltr'>refert</span> <span class='ocrx_word' id='word_1_191' title='bbox 426 2995 456 3047; x_wconf 87' lang='grc' dir='ltr'>Ο.</span> <span class='ocrx_word' id='word_1_192' title='bbox 471 2999 628 3050; x_wconf 86' lang='lat' dir='ltr'>Ribbeckius</span> <span class='ocrx_word' id='word_1_193' title='bbox 642 3003 708 3052; x_wconf 88' lang='lat' dir='ltr'>conl.</span> <span class='ocrx_word' id='word_1_194' title='bbox 722 3005 782 3053; x_wconf 84' lang='lat' dir='ltr'>llur.</span> <span class='ocrx_word' id='word_1_195' title='bbox 798 3004 914 3070; x_wconf 82' lang='lat' dir='ltr'>Iphig.9</span> <span class='ocrx_word' id='word_1_196' title='bbox 933 3012 957 3054; x_wconf 89' lang='lat' dir='ltr'>et</span> <span class='ocrx_word' id='word_1_197' title='bbox 970 3002 1021 3054; x_wconf 79' lang='lat'>156</span> <span class='ocrx_word' id='word_1_198' title='bbox 1090 3002 1126 3051; x_wconf 87' lang='lat' dir='ltr'>lv</span> <span class='ocrx_word' id='word_1_199' title='bbox 1146 2999 1244 3050; x_wconf 87' lang='lat' dir='ltr'>Gellius</span> <span class='ocrx_word' id='word_1_200' title='bbox 1256 2999 1324 3049; x_wconf 86' lang='lat' dir='ltr'>XlX</span> <span class='ocrx_word' id='word_1_201' title='bbox 1339 2998 1372 3049; x_wconf 88' lang='lat'>10</span> 
     </span>
    </p>
   </div>
   <div class='ocr_carea' id='block_1_11' title="bbox 253 3064 1369 3348">
    <p class='ocr_par' dir='ltr' id='par_1_11' title="bbox 253 3064 1369 3348">
     <span class='ocr_line' id='line_1_26' title="bbox 256 3064 1369 3139; baseline 0.003 -23"><span class='ocrx_word' id='word_1_202' title='bbox 256 3064 401 3116; x_wconf 73' lang='lat' dir='ltr'>‘admonuit</span> <span class='ocrx_word' id='word_1_203' title='bbox 421 3066 447 3116; x_wconf 91' lang='lat' dir='ltr'>in</span> <span class='ocrx_word' id='word_1_204' title='bbox 468 3069 602 3134; x_wconf 70' lang='lat' dir='ltr'>tragoedis</span> <span class='ocrx_word' id='word_1_205' title='bbox 621 3087 722 3135; x_wconf 86' lang='lat' dir='ltr'>quoque</span> <span class='ocrx_word' id='word_1_206' title='bbox 735 3073 814 3133; x_wconf 85' lang='lat' dir='ltr'>Enni,</span> <span class='ocrx_word' id='word_1_207' title='bbox 835 3089 900 3136; x_wconf 85' lang='lat' dir='ltr'>quae</span> <span class='ocrx_word' id='word_1_208' title='bbox 914 3072 1049 3139; x_wconf 78' lang='lat' dir='ltr'>Iphigenia</span> <span class='ocrx_word' id='word_1_209' title='bbox 1068 3071 1191 3136; x_wconf 86' lang='lat' dir='ltr'>inscripta</span> <span class='ocrx_word' id='word_1_210' title='bbox 1207 3079 1261 3130; x_wconf 88' lang='lat' dir='ltr'>est,</span> <span class='ocrx_word' id='word_1_211' title='bbox 1280 3070 1309 3120; x_wconf 91' lang='lat' dir='ltr'>id</span> <span class='ocrx_word' id='word_1_212' title='bbox 1329 3070 1369 3134; x_wconf 91' lang='lat' dir='ltr'>ip-</span> 
     </span>
     <span class='ocr_line' id='line_1_27' title="bbox 254 3135 1369 3208; baseline 0.002 -24"><span class='ocrx_word' id='word_1_213' title='bbox 254 3149 312 3184; x_wconf 87' lang='lat' dir='ltr'>sum</span> <span class='ocrx_word' id='word_1_214' title='bbox 329 3135 362 3184; x_wconf 88' lang='lat' dir='ltr'>de</span> <span class='ocrx_word' id='word_1_215' title='bbox 385 3151 434 3199; x_wconf 92' lang='lat' dir='ltr'>quo</span> <span class='ocrx_word' id='word_1_216' title='bbox 458 3139 638 3201; x_wconf 77' lang='lat' dir='ltr'>quaerebatur&#39;</span> <span class='ocrx_word' id='word_1_217' title='bbox 661 3142 712 3208; x_wconf 83' lang='lat' dir='ltr'>(sc.</span> <span class='ocrx_word' id='word_1_218' title='bbox 733 3143 888 3193; x_wconf 76' lang='lat' dir='ltr'>uocabulum</span> <span class='ocrx_word' id='word_1_219' title='bbox 907 3137 1200 3208; x_wconf 81' lang='lat' dir='ltr'>praeterpropter)</span> <span class='ocrx_word' id='word_1_220' title='bbox 1227 3141 1369 3205; x_wconf 86' lang='lat' dir='ltr'>‘scriptum</span> 
     </span>
     <span class='ocr_line' id='line_1_28' title="bbox 254 3207 1369 3278; baseline 0.001 -24"><span class='ocrx_word' id='word_1_221' title='bbox 254 3219 310 3254; x_wconf 86' lang='lat' dir='ltr'>esse</span> <span class='ocrx_word' id='word_1_222' title='bbox 331 3240 402 3255; x_wconf 91' lang='grc'><strong>.....</strong></span> <span class='ocrx_word' id='word_1_223' title='bbox 425 3207 457 3256; x_wconf 90' lang='lat' dir='ltr'>in</span> <span class='ocrx_word' id='word_1_224' title='bbox 477 3209 546 3260; x_wconf 88' lang='lat' dir='ltr'>eius</span> <span class='ocrx_word' id='word_1_225' title='bbox 566 3212 760 3278; x_wconf 75' lang='lat' dir='ltr'>tragoediae</span> <span class='ocrx_word' id='word_1_226' title='bbox 779 3212 878 3262; x_wconf 90' lang='lat' dir='ltr'>choro</span> <span class='ocrx_word' id='word_1_227' title='bbox 903 3213 1039 3278; x_wconf 87' lang='lat' dir='ltr'>inscriptos</span> <span class='ocrx_word' id='word_1_228' title='bbox 1054 3226 1111 3260; x_wconf 89' lang='lat' dir='ltr'>esse</span> <span class='ocrx_word' id='word_1_229' title='bbox 1125 3209 1172 3260; x_wconf 91' lang='lat' dir='ltr'>hos</span> <span class='ocrx_word' id='word_1_230' title='bbox 1191 3225 1281 3260; x_wconf 87' lang='lat' dir='ltr'>uersus</span> <span class='ocrx_word' id='word_1_231' title='bbox 1302 3209 1369 3273; x_wconf 83' lang='lat' dir='ltr'>legi-</span> 
     </span>
     <span class='ocr_line' id='line_1_29' title="bbox 253 3272 1367 3348; baseline -0.001 -21"><span class='ocrx_word' id='word_1_232' title='bbox 253 3289 325 3324; x_wconf 73' lang='lat' dir='ltr'>mus:</span> <span class='ocrx_word' id='word_1_233' title='bbox 346 3272 507 3344; x_wconf 73' lang='lat' dir='ltr'>[ron—259]</span> <span class='ocrx_word' id='word_1_234' title='bbox 604 3283 715 3347; x_wconf 89' lang='lat' dir='ltr'>petimus</span> <span class='ocrx_word' id='word_1_235' title='bbox 727 3282 806 3348; x_wconf 86' lang='lat' dir='ltr'>igitur</span> <span class='ocrx_word' id='word_1_236' title='bbox 819 3282 891 3332; x_wconf 77' lang='lat' dir='ltr'>dicos</span> <span class='ocrx_word' id='word_1_237' title='bbox 908 3317 947 3332; x_wconf 91' lang='lat'>...</span> <span class='ocrx_word' id='word_1_238' title='bbox 963 3282 1007 3344; x_wconf 91' lang='lat' dir='ltr'>qui</span> <span class='ocrx_word' id='word_1_239' title='bbox 1021 3282 1054 3330; x_wconf 88' lang='lat' dir='ltr'>sit</span> <span class='ocrx_word' id='word_1_240' title='bbox 1068 3288 1141 3330; x_wconf 90' lang='lat' dir='ltr'>notus</span> <span class='ocrx_word' id='word_1_241' title='bbox 1153 3279 1261 3330; x_wconf 87' lang='lat' dir='ltr'>huiusce</span> <span class='ocrx_word' id='word_1_242' title='bbox 1273 3293 1367 3347; x_wconf 80' lang='lat' dir='ltr'>uersus</span> 
     </span>
    </p>
   </div>
   <div class='ocr_carea' id='block_1_12' title="bbox 250 3462 1363 4396">
    <p class='ocr_par' dir='ltr' id='par_1_12' title="bbox 250 3462 1363 4224">
     <span class='ocr_line' id='line_1_30' title="bbox 260 3462 1363 3542; baseline 0.004 -24"><span class='ocrx_word' id='word_1_243' title='bbox 260 3462 362 3520; x_wconf 81' lang='lat' dir='ltr'>Varro.</span> <span class='ocrx_word' id='word_1_244' title='bbox 378 3468 506 3536; x_wconf 85' lang='lat' dir='ltr'>supern[t</span> <span class='ocrx_word' id='word_1_245' title='bbox 519 3468 605 3535; x_wconf 88' lang='lat' dir='ltr'>temo]</span> <span class='ocrx_word' id='word_1_246' title='bbox 624 3468 724 3524; x_wconf 82' lang='lat' dir='ltr'>Festus</span> <span class='ocrx_word' id='word_1_247' title='bbox 809 3474 861 3529; x_wconf 76' lang='lat'>246</span> <span class='ocrx_word' id='word_1_248' title='bbox 883 3487 990 3542; x_wconf 84' lang='lat' dir='ltr'>cogens</span> <span class='ocrx_word' id='word_1_249' title='bbox 1006 3468 1123 3524; x_wconf 88' lang='lat' dir='ltr'>sublime</span> <span class='ocrx_word' id='word_1_250' title='bbox 1140 3468 1223 3522; x_wconf 83' lang='lat' dir='ltr'>etiam</span> <span class='ocrx_word' id='word_1_251' title='bbox 1245 3467 1275 3523; x_wconf 85' lang='lat' dir='ltr'>G.</span> <span class='ocrx_word' id='word_1_252' title='bbox 1291 3466 1363 3524; x_wconf 84' lang='lat' dir='ltr'>Her-</span> 
     </span>
     <span class='ocr_line' id='line_1_31' title="bbox 253 3549 1362 3626; baseline 0.002 -24"><span class='ocrx_word' id='word_1_253' title='bbox 253 3564 371 3604; x_wconf 80' lang='lat' dir='ltr'>mannus</span> <span class='ocrx_word' id='word_1_254' title='bbox 388 3550 427 3604; x_wconf 86' lang='lat' dir='ltr'>ad</span> <span class='ocrx_word' id='word_1_255' title='bbox 444 3549 516 3606; x_wconf 82' lang='lat' dir='ltr'>Eur.</span> <span class='ocrx_word' id='word_1_256' title='bbox 532 3549 625 3625; x_wconf 76' lang='lat' dir='ltr'>Iphip.</span> <span class='ocrx_word' id='word_1_257' title='bbox 647 3553 710 3609; x_wconf 82' lang='lat' dir='ltr'>Aul.</span> <span class='ocrx_word' id='word_1_258' title='bbox 725 3558 751 3612; x_wconf 89' lang='grc'>8.</span> <span class='ocrx_word' id='word_1_259' title='bbox 774 3556 869 3611; x_wconf 86' lang='lat' dir='ltr'>stellas</span> <span class='ocrx_word' id='word_1_260' title='bbox 893 3555 1010 3611; x_wconf 90' lang='lat' dir='ltr'>sublime</span> <span class='ocrx_word' id='word_1_261' title='bbox 1035 3569 1141 3626; x_wconf 86' lang='lat' dir='ltr'>cogens</span> <span class='ocrx_word' id='word_1_262' title='bbox 1164 3554 1267 3625; x_wconf 86' lang='lat' dir='ltr'>(agens</span> <span class='ocrx_word' id='word_1_263' title='bbox 1284 3552 1362 3610; x_wconf 83' lang='lat' dir='ltr'>Gotlr.</span> 
     </span>
     <span class='ocr_line' id='line_1_32' title="bbox 252 3631 1362 3711; baseline 0.003 -24"><span class='ocrx_word' id='word_1_264' title='bbox 252 3631 321 3688; x_wconf 85' lang='lat' dir='ltr'>Por.</span> <span class='ocrx_word' id='word_1_265' title='bbox 339 3651 357 3688; x_wconf 86' lang='lat' dir='ltr'><strong><em>a</em></strong></span> <span class='ocrx_word' id='word_1_266' title='bbox 368 3633 398 3703; x_wconf 85' lang='lat' dir='ltr'>b)</span> <span class='ocrx_word' id='word_1_267' title='bbox 414 3635 497 3689; x_wconf 82' lang='lat' dir='ltr'>etism</span> <span class='ocrx_word' id='word_1_268' title='bbox 511 3635 582 3691; x_wconf 81' lang='lat' dir='ltr'>libri.</span> <span class='ocrx_word' id='word_1_269' title='bbox 599 3637 694 3694; x_wconf 84' lang='lat' dir='ltr'>stelles</span> <span class='ocrx_word' id='word_1_270' title='bbox 711 3655 818 3711; x_wconf 86' lang='lat' dir='ltr'>cogens</span> <span class='ocrx_word' id='word_1_271' title='bbox 836 3641 953 3695; x_wconf 86' lang='lat' dir='ltr'>sublime</span> <span class='ocrx_word' id='word_1_272' title='bbox 971 3639 1054 3694; x_wconf 84' lang='lat' dir='ltr'>etiem</span> <span class='ocrx_word' id='word_1_273' title='bbox 1070 3638 1194 3710; x_wconf 76' lang='lat' dir='ltr'>Scaliger</span> <span class='ocrx_word' id='word_1_274' title='bbox 1278 3642 1362 3697; x_wconf 74' lang='lat'>2490</span> 
     </span>
     <span class='ocr_line' id='line_1_33' title="bbox 253 3717 1296 3794; baseline 0.001 -21"><span class='ocrx_word' id='word_1_275' title='bbox 253 3717 308 3773; x_wconf 88' lang='lat' dir='ltr'>fide</span> <span class='ocrx_word' id='word_1_276' title='bbox 331 3735 419 3774; x_wconf 85' lang='lat' dir='ltr'>senex</span> <span class='ocrx_word' id='word_1_277' title='bbox 441 3720 579 3792; x_wconf 76' lang='lat' dir='ltr'>Bequius</span> <span class='ocrx_word' id='word_1_278' title='bbox 600 3720 664 3778; x_wconf 76' lang='grc' dir='ltr'>1ηά.</span> <span class='ocrx_word' id='word_1_279' title='bbox 687 3724 746 3780; x_wconf 85' lang='lat' dir='ltr'>lect.</span> <span class='ocrx_word' id='word_1_280' title='bbox 768 3725 860 3780; x_wconf 84' lang='lat' dir='ltr'>Marb.</span> <span class='ocrx_word' id='word_1_281' title='bbox 881 3728 949 3779; x_wconf 76' lang='lat' dir='ltr'>oest-</span> <span class='ocrx_word' id='word_1_282' title='bbox 972 3727 1041 3782; x_wconf 73' lang='lat'>1844</span> <span class='ocrx_word' id='word_1_283' title='bbox 1059 3741 1093 3794; x_wconf 81' lang='lat' dir='ltr'>p.</span> <span class='ocrx_word' id='word_1_284' title='bbox 1107 3720 1180 3777; x_wconf 84' lang='grc' dir='ltr'><strong><em>ΧΙΙ.</em></strong></span> <span class='ocrx_word' id='word_1_285' title='bbox 1202 3739 1219 3776; x_wconf 94' lang='lat' dir='ltr'>o</span> <span class='ocrx_word' id='word_1_286' title='bbox 1240 3723 1296 3777; x_wconf 84' lang='lat' dir='ltr'>fido</span> 
     </span>
     <span class='ocr_line' id='line_1_34' title="bbox 253 3802 1363 3884; baseline 0 -26"><span class='ocrx_word' id='word_1_287' title='bbox 253 3802 345 3858; x_wconf 73' lang='lat' dir='ltr'>Senot.</span> <span class='ocrx_word' id='word_1_288' title='bbox 384 3804 512 3884; x_wconf 35' lang='lat' dir='ltr'>Veron...</span> <span class='ocrx_word' id='word_1_289' title='bbox 534 3823 587 3862; x_wconf 89' lang='lat' dir='ltr'>om.</span> <span class='ocrx_word' id='word_1_290' title='bbox 614 3808 712 3864; x_wconf 77' lang='lat' dir='ltr'>Festus</span> <span class='ocrx_word' id='word_1_291' title='bbox 797 3816 850 3868; x_wconf 75' lang='lat'>250</span> <span class='ocrx_word' id='word_1_292' title='bbox 877 3809 998 3881; x_wconf 81' lang='lat' dir='ltr'>gallique</span> <span class='ocrx_word' id='word_1_293' title='bbox 1026 3808 1209 3879; x_wconf 80' lang='lat' dir='ltr'>supplendum</span> <span class='ocrx_word' id='word_1_294' title='bbox 1230 3807 1363 3880; x_wconf 79' lang='lat' dir='ltr'>proponit</span> 
     </span>
     <span class='ocr_line' id='line_1_35' title="bbox 256 3885 1360 3964; baseline 0.003 -23"><span class='ocrx_word' id='word_1_295' title='bbox 256 3886 286 3944; x_wconf 87' lang='lat'>0.</span> <span class='ocrx_word' id='word_1_296' title='bbox 303 3887 468 3946; x_wconf 78' lang='lat' dir='ltr'>Ribbeckius</span> <span class='ocrx_word' id='word_1_297' title='bbox 553 3897 605 3950; x_wconf 69' lang='lat'>952</span> <span class='ocrx_word' id='word_1_298' title='bbox 620 3907 678 3962; x_wconf 83' lang='lat' dir='ltr'>sqq.</span> <span class='ocrx_word' id='word_1_299' title='bbox 710 3885 813 3950; x_wconf 82' lang='lat' dir='ltr'>Versus</span> <span class='ocrx_word' id='word_1_300' title='bbox 835 3895 970 3950; x_wconf 77' lang='lat' dir='ltr'>constituit</span> <span class='ocrx_word' id='word_1_301' title='bbox 989 3892 1021 3949; x_wconf 88' lang='lat'>0.</span> <span class='ocrx_word' id='word_1_302' title='bbox 1043 3891 1223 3962; x_wconf 77' lang='lat' dir='ltr'>Ribbeckius,</span> <span class='ocrx_word' id='word_1_303' title='bbox 1245 3908 1360 3964; x_wconf 81' lang='lat' dir='ltr'>qnorum</span> 
     </span>
     <span class='ocr_line' id='line_1_36' title="bbox 250 3975 1360 4050; baseline 0 -20"><span class='ocrx_word' id='word_1_304' title='bbox 250 3977 302 4030; x_wconf 71' lang='lat'>252</span> <span class='ocrx_word' id='word_1_305' title='bbox 322 3978 348 4028; x_wconf 81' lang='lat' dir='ltr'>et</span> <span class='ocrx_word' id='word_1_306' title='bbox 367 3978 420 4033; x_wconf 77' lang='lat'>256</span> <span class='ocrx_word' id='word_1_307' title='bbox 434 3975 601 4045; x_wconf 81' lang='lat' dir='ltr'>praeiuerat</span> <span class='ocrx_word' id='word_1_308' title='bbox 620 3975 758 4047; x_wconf 79' lang='lat' dir='ltr'>Berplcius</span> <span class='ocrx_word' id='word_1_309' title='bbox 841 3982 894 4036; x_wconf 78' lang='lat'>253</span> <span class='ocrx_word' id='word_1_310' title='bbox 923 3995 1088 4050; x_wconf 79' lang='lat' dir='ltr'>quomrum</span> <span class='ocrx_word' id='word_1_311' title='bbox 1111 3984 1155 4034; x_wconf 89' lang='lat' dir='ltr'>est</span> <span class='ocrx_word' id='word_1_312' title='bbox 1170 3978 1312 4049; x_wconf 85' lang='lat' dir='ltr'>negotium</span> <span class='ocrx_word' id='word_1_313' title='bbox 1334 3977 1360 4030; x_wconf 88' lang='lat' dir='ltr'>in</span> 
     </span>
     <span class='ocr_line' id='line_1_37' title="bbox 251 4057 1358 4136; baseline 0.006 -27"><span class='ocrx_word' id='word_1_314' title='bbox 251 4057 363 4128; x_wconf 83' lang='lat' dir='ltr'>negotio</span> <span class='ocrx_word' id='word_1_315' title='bbox 380 4058 451 4113; x_wconf 77' lang='lat' dir='ltr'>libri.</span> <span class='ocrx_word' id='word_1_316' title='bbox 475 4074 558 4130; x_wconf 83' lang='lat' dir='ltr'>quam</span> <span class='ocrx_word' id='word_1_317' title='bbox 577 4060 639 4126; x_wconf 86' lang='lat' dir='ltr'>illo,</span> <span class='ocrx_word' id='word_1_318' title='bbox 663 4060 710 4130; x_wconf 93' lang='lat' dir='ltr'>qui</span> <span class='ocrx_word' id='word_1_319' title='bbox 726 4069 769 4118; x_wconf 83' lang='lat' dir='ltr'>est</span> <span class='ocrx_word' id='word_1_320' title='bbox 782 4063 946 4136; x_wconf 87' lang='lat' dir='ltr'>negotiosus</span> <span class='ocrx_word' id='word_1_321' title='bbox 961 4063 1050 4118; x_wconf 86' lang='lat' dir='ltr'>arduo</span> <span class='ocrx_word' id='word_1_322' title='bbox 1071 4063 1099 4118; x_wconf 93' lang='lat' dir='ltr'>in</span> <span class='ocrx_word' id='word_1_323' title='bbox 1116 4064 1229 4134; x_wconf 82' lang='lat' dir='ltr'>negotio</span> <span class='ocrx_word' id='word_1_324' title='bbox 1247 4061 1278 4117; x_wconf 86' lang='lat'>0.</span> <span class='ocrx_word' id='word_1_325' title='bbox 1297 4061 1358 4116; x_wconf 80' lang='lat' dir='ltr'>nu-</span> 
     </span>
     <span class='ocr_line' id='line_1_38' title="bbox 251 4140 1277 4224; baseline 0.007 -29"><span class='ocrx_word' id='word_1_326' title='bbox 251 4140 371 4197; x_wconf 74' lang='lat' dir='ltr'>declino.</span> <span class='ocrx_word' id='word_1_327' title='bbox 397 4158 481 4213; x_wconf 84' lang='lat' dir='ltr'>quam</span> <span class='ocrx_word' id='word_1_328' title='bbox 506 4159 568 4198; x_wconf 90' lang='lat' dir='ltr'>cum</span> <span class='ocrx_word' id='word_1_329' title='bbox 595 4145 657 4216; x_wconf 89' lang='lat' dir='ltr'>quis</span> <span class='ocrx_word' id='word_1_330' title='bbox 686 4149 832 4216; x_wconf 81' lang='lat' dir='ltr'>negotioso</span> <span class='ocrx_word' id='word_1_331' title='bbox 859 4149 940 4202; x_wconf 84' lang='lat' dir='ltr'>luerit</span> <span class='ocrx_word' id='word_1_332' title='bbox 964 4149 992 4203; x_wconf 90' lang='lat' dir='ltr'>in</span> <span class='ocrx_word' id='word_1_333' title='bbox 1020 4148 1133 4224; x_wconf 85' lang='lat' dir='ltr'>negotio</span> <span class='ocrx_word' id='word_1_334' title='bbox 1165 4146 1277 4202; x_wconf 79' lang='lat' dir='ltr'>Vossius</span> 
     </span>
    </p>

    <p class='ocr_par' dir='ltr' id='par_1_13' title="bbox 250 4227 1356 4396">
     <span class='ocr_line' id='line_1_39' title="bbox 250 4227 1356 4304; baseline 0.003 -22"><span class='ocrx_word' id='word_1_335' title='bbox 250 4228 303 4282; x_wconf 76' lang='lat' dir='ltr'>nst</span> <span class='ocrx_word' id='word_1_336' title='bbox 325 4227 400 4282; x_wconf 93' lang='lat' dir='ltr'>nullo</span> <span class='ocrx_word' id='word_1_337' title='bbox 425 4228 505 4298; x_wconf 84' lang='lat' dir='ltr'>quasi</span> <span class='ocrx_word' id='word_1_338' title='bbox 525 4230 638 4301; x_wconf 88' lang='lat' dir='ltr'>negotio</span> <span class='ocrx_word' id='word_1_339' title='bbox 656 4228 687 4285; x_wconf 88' lang='lat'>0.</span> <span class='ocrx_word' id='word_1_340' title='bbox 702 4229 875 4288; x_wconf 76' lang='lat' dir='ltr'>Ribbcclrius.</span> <span class='ocrx_word' id='word_1_341' title='bbox 900 4233 927 4286; x_wconf 91' lang='lat' dir='ltr'>in</span> <span class='ocrx_word' id='word_1_342' title='bbox 949 4234 995 4288; x_wconf 93' lang='lat' dir='ltr'>illo</span> <span class='ocrx_word' id='word_1_343' title='bbox 1019 4233 1131 4304; x_wconf 85' lang='lat' dir='ltr'>negotio</span> <span class='ocrx_word' id='word_1_344' title='bbox 1151 4231 1240 4304; x_wconf 77' lang='lat' dir='ltr'>Luqd.</span> <span class='ocrx_word' id='word_1_345' title='bbox 1262 4235 1291 4290; x_wconf 91' lang='lat' dir='ltr'>in</span> <span class='ocrx_word' id='word_1_346' title='bbox 1312 4234 1356 4289; x_wconf 91' lang='lat' dir='ltr'>illo</span> 
     </span>
     <span class='ocr_line' id='line_1_40' title="bbox 250 4310 1194 4396; baseline 0.01 -35"><span class='ocrx_word' id='word_1_347' title='bbox 250 4310 393 4396; x_wconf 77' lang='lat' dir='ltr'>negotium</span> <span class='ocrx_word' id='word_1_348' title='bbox 410 4311 534 4383; x_wconf 80' lang='lat' dir='ltr'>Francq.</span> <span class='ocrx_word' id='word_1_349' title='bbox 552 4312 580 4368; x_wconf 91' lang='lat' dir='ltr'>in</span> <span class='ocrx_word' id='word_1_350' title='bbox 599 4314 652 4370; x_wconf 90' lang='lat' dir='ltr'>illis</span> <span class='ocrx_word' id='word_1_351' title='bbox 669 4313 781 4394; x_wconf 70' lang='lat' dir='ltr'>negotii</span> <span class='ocrx_word' id='word_1_352' title='bbox 803 4316 883 4375; x_wconf 79' lang='lat' dir='ltr'>Voss.</span> <span class='ocrx_word' id='word_1_353' title='bbox 898 4319 973 4376; x_wconf 90' lang='lat' dir='ltr'>nullo</span> <span class='ocrx_word' id='word_1_354' title='bbox 987 4318 1100 4392; x_wconf 78' lang='lat' dir='ltr'>negotio</span> <span class='ocrx_word' id='word_1_355' title='bbox 1114 4317 1194 4390; x_wconf 71' lang='lat' dir='ltr'>uulgo</span> 
     </span>
    </p>
   </div>
   <div class='ocr_carea' id='block_1_13' title="bbox 0 0 1496 5048">
    <p class='ocr_par' dir='ltr' id='par_1_14' title="bbox 0 0 1496 5048">
     <span class='ocr_line' id='line_1_41' title="bbox 0 0 1496 5048; baseline 0 1"><span class='ocrx_word' id='word_1_356' title='bbox 0 0 1496 5048; x_wconf 95' lang='lat' dir='ltr'> </span> 
     </span>
    </p>
   </div>
   <div class='ocr_carea' id='block_1_14' title="bbox 1463 2506 1466 3135">
    <p class='ocr_par' dir='ltr' id='par_1_15' title="bbox 1463 2506 1466 3135">
     <span class='ocr_line' id='line_1_42' title="bbox 1463 2506 1466 3135; baseline 0 0"><span class='ocrx_word' id='word_1_357' title='bbox 1463 2506 1466 3135; x_wconf 95' lang='lat' dir='ltr'> </span> 
     </span>
    </p>
   </div>
  </div>
 </body>
</html>
