2984 5048
551 441 793 513 nuuruvruu

618 608 727 681 LXIV

219 799 226 814 .
279 747 336 815 aut
358 746 544 836 pennaceel
566 743 676 834 paries
695 763 877 834 percussus
895 739 1001 810 trilaci

626 891 721 963 LXV

130 1033 191 1094 525
219 1079 226 1122 7
281 1024 361 1095 illud
382 1048 448 1118 quo
469 1025 533 1094 iarn
557 1023 660 1095 semel
683 1026 735 1093 est
757 1023 891 1094 imbulu'
912 1045 1041 1092 ueneno

617 1172 727 1246 LXVI

220 1303 313 1374 Sicul
337 1304 442 1399 siquis
461 1306 624 1378 Ieratuas
641 1307 709 1377 uini
721 1279 930 1376 'dimidiatum

610 1455 732 1527 LXVII

219 1585 330 1676 Atque
349 1587 448 1678 alque
465 1587 590 1658 accedit
608 1607 722 1657 muros
741 1585 891 1655 Romana
909 1583 1075 1656 iuuentus

605 1734 743 1807 XLVIII

221 1915 230 1932 .
283 1897 291 1932 ι
321 1865 561 1960 'lcrlunasque
582 1889 662 1938 suas
682 1887 824 1957 coepere
843 1865 988 1935 latrones

221 1966 308 2037 luter
327 1989 365 2037 se
387 1991 579 2042 memorare.

620 2120 727 2192 LXIX

135 2257 196 2319 530
223 2249 348 2319 Elludil
366 2271 468 2321 uoces
484 2253 718 2346 propriorum
739 2254 873 2342 pectore
893 2251 1018 2319 sancto.

878 551 890 582 δ

121 2485 226 2501 .......
228 2449 253 2515 ]:
267 2452 390 2502 inuictus'
409 2468 432 2504 e.
447 2467 472 2516 q.
486 2468 507 2502 s.
533 2453 610 2503 Ennii
622 2467 726 2502 uersum
740 2459 799 2516 post
810 2450 945 2500 Decerium
960 2449 989 2500 0.
1004 2449 1141 2499 Muellerus
1154 2464 1233 2516 agno-

119 2521 157 2569 uit
225 2521 308 2571 LXIV
329 2520 424 2571 Paulus
443 2523 512 2573 Festi
531 2521 624 2588 petr
640 2522 674 2572 M.
700 2520 833 2571 ‘triIex'
856 2519 1010 2586 (trIphex
1031 2520 1106 2568 ‘boni
1128 2518 1233 2584 codd')

120 2589 216 2638 ‘telum
237 2590 405 2656 longitudinis
424 2591 500 2640 trium
521 2593 680 2650 cubiturum,
699 2591 769 2654 quud
782 2589 911 2654 catapulta
929 2589 1043 2638 mittitur.
1070 2589 1167 2638 Ennius
1181 2590 1232 2638 ...⁹

190 2658 260 2709 LXV
278 2661 368 2710 Festus
390 2675 416 2725 p.
435 2659 487 2712 376
504 2660 538 2710 M.
563 2658 773 2725 ‘lucrensriJ
794 2659 913 2709 dicebaut
932 2659 1044 2722 antiqui,
1069 2659 1142 2707 cuius
1164 2658 1234 2707 color

120 2727 256 2778 inliciendo
272 2736 398 2788 mutetur,
418 2736 446 2778 ut
457 2731 554 2783 Brutus
571 2745 640 2779 curn
659 2731 707 2779 eit:
728 2744 784 2778 eum
797 2728 876 2778 illud'
900 2745 922 2778 e.
938 2744 963 2791 q.
979 2733 1000 2778 s!
1073 2727 1156 2777 LXVI
1175 2727 1234 2778 Gel-

121 2797 220 2846 liuslll
233 2798 266 2848 14
285 2799 452 2860 ‘disseritque
472 2814 502 2848 ec
520 2799 626 2850 diuidit’
654 2797 765 2865 (Verre)
785 2798 984 2858 ‘subtilissime,
1011 2797 1073 2861 quid
1098 2797 1233 2848 dimidium

121 2865 255 2916 dimidiato
284 2868 384 2918 intersit
411 2875 435 2916 et
462 2866 492 2926 Q.
521 2869 643 2918 Ennium*
673 2867 707 2934 (q
736 2869 793 2918 Pur.
822 2868 886 2934 Meg.
929 2883 988 2930 que
1012 2867 1134 2918 henuiri
1154 2864 1234 2930 Vct.)
1301 2873 1304 2890 ¹

122 2935 245 2986 ‘scienter
257 2934 306 2985 huc
324 2937 349 2986 in
368 2936 503 2987 annalibus
515 2938 614 2987 dixisse
636 2938 684 2987 eit:
712 2938 815 2987 sicuti
908 2937 1129 2998 dimidiatum
1157 2937 1233 2986 sicuti

122 3018 183 3069 pers
195 3021 261 3068 quae
274 3005 347 3056 deest
364 3007 388 3055 ei
408 3021 471 3058 ueso
488 3022 537 3057 ucu
556 3007 691 3058 dimidiata
705 3007 814 3058 dicende
832 3014 870 3057 est
888 3006 935 3057 sed
953 3007 1079 3058 dimidie!
1106 3006 1235 3071 (dixis-

122 3080 171 3136 set
190 3076 236 3124 eit
250 3111 256 3123 .
271 3076 381 3125 sicuti.
413 3075 535 3140 Siquis
554 3075 628 3141 Vct.)
698 3077 793 3126 LXVII
811 3076 909 3126 Gellius
923 3076 948 3126 X
962 3075 997 3127 29
1019 3078 1135 3143 (atque
1154 3077 1234 3142 perti-

122 3142 194 3209 cule)
212 3145 329 3210 ‘gemina
344 3144 437 3205 sidet,
457 3154 534 3213 auget
547 3147 704 3209 intenditque
718 3162 786 3206 rem,
804 3147 836 3197 de
853 3162 904 3211 quc
915 3146 1014 3213 egitur,
1032 3154 1060 3195 ut
1072 3146 1234 3196 animaduer-

120 3216 198 3264 tirnus
212 3215 238 3262 iu
251 3212 280 3272 Q.
295 3215 383 3264 Ennii'
401 3214 521 3280 (inque
535 3217 609 3266 enni
623 3214 722 3282 Lugd.)
742 3215 911 3275 ‘unncIIbus‚
930 3215 982 3264 nisi
1000 3216 1124 3265 memoria
1140 3215 1167 3263 in
1185 3214 1234 3264 huc

121 3299 198 3334 uersu
214 3284 299 3334 leber:
325 3285 416 3347 etque’
437 3300 460 3334 e.
481 3303 505 3348 q.
526 3301 548 3339 s.
573 3286 792 3352 (labcrntque
812 3284 888 3334 Bern.
909 3285 987 3334 Voss.
1011 3285 1111 3343 lubet,
1138 3289 1234 3348 dtque

121 3350 201 3419 Reg.)
228 3353 326 3404 Nouius
338 3369 365 3419 p.
379 3353 440 3414 530,
455 3354 471 3405 3
495 3359 603 3418 ‘utque
621 3353 763 3420 particule,
782 3354 805 3403 si
819 3354 968 3420 diligentius
982 3354 1151 3420 intellegitur,
1168 3349 1234 3403 rnul-

121 3432 173 3472 tcnr
191 3423 269 3472 hebet
287 3423 500 3489 significandam,
520 3433 547 3474 nt
564 3425 605 3474 uel
624 3424 690 3474 illud
709 3431 747 3474 est
759 3421 839 3475 Enni:
860 3431 936 3486 etque
1012 3424 1144 3484 iuuentus3
1165 3424 1235 3486 quod

122 3499 161 3541 est
183 3490 275 3540 festiue
294 3501 319 3542 et
339 3493 523 3558 intrepidanter
544 3494 678 3544 accendit!
749 3493 857 3543 LXVIII
875 3492 972 3546 Nonius
991 3509 1018 3560 p.
1041 3493 1101 3554 134,
1119 3492 1154 3545 29
1174 3493 1235 3542 ‘lc-

121 3560 304 3621 trecium,
327 3562 432 3610 militari
450 3563 576 3613 mercede.
609 3563 714 3612 Plautus
732 3589 768 3598 -
786 3562 884 3612 Ennius
904 3564 956 3614 ...⁸
1027 3563 1111 3613 LXIX
1128 3562 1234 3613 Seruius

123 3627 255 3695 inGeorg.
271 3630 362 3681 11424
385 3631 522 3698 ‘grauidas
541 3647 598 3681 cnm
618 3646 722 3682 tremere
741 3630 842 3698 fruges:
864 3647 933 3682 cum
952 3633 1066 3683 abundet
1084 3659 1119 3670 -
1131 3633 1234 3684 -Eu-

165 3841 218 3895 524
237 3841 412 3906 permaceret
425 3833 496 3904 ΗΜ,
512 3841 601 3892 tuetur
611 3835 645 3890 A.
656 3834 780 3891 Kochius
791 3835 898 3892 Emere.
914 3837 974 3890 crit.
986 3851 1020 3908 p.
1034 3839 1062 3894 8.
1077 3835 1237 3906 perluceret

125 3919 157 3977 0.
171 3920 323 3977 Muellerus
426 3925 480 3978 525
494 3936 558 3975 curn
572 3919 641 3976 illud
656 3921 717 3975 ccd.
733 3937 806 3992 cupa
821 3918 890 3976 illud
902 3918 934 3976 0.
945 3919 1097 3976 Muellerus
1182 3922 1235 3977 inr-

122 4007 190 4060 bute
207 4005 267 4060 cccl.
374 4007 426 4062 526
442 4005 513 4060 sicut
527 4003 724 4060 Lachmuuuus
737 4005 777 4060 ud
789 4006 875 4062 Luer.
889 4002 927 4060 II
937 4007 999 4064 556.
1017 4004 1098 4060 sleuti
1111 4005 1174 4061 libr-l

166 4091 218 4148 527
248 4089 366 4144 alterum
392 4095 474 4160 etque
498 4105 552 4147 cm.
573 4089 693 4159 Nonus,
719 4089 789 4161 Rep.
812 4090 901 4158 Gellii,
929 4103 1074 4160 supercer.
1099 4092 1128 4146 r'rr
1156 4088 1235 4148 Voss.

209 4173 339 4229 accendit
354 4172 437 4229 Nouii
448 4173 519 4230 libri.
536 4174 664 4230 escendit
678 4175 722 4229 cd.
739 4179 808 4232 1480
821 4175 905 4230 Nonii
1006 4178 1063 4234 528
1076 4191 1142 4232 suas
1156 4174 1233 4232 Mer-

123 4271 316 4398 cerusiques
343 4258 490 4314 ulricum
510 4259 610 4315 Burni.
697 4275 799 4330 cepere
827 4258 926 4314 Bumb.
1033 4263 1084 4318 529
1108 4261 1178 4317 inter
1202 4279 1235 4317 se

124 4358 188 4396 rere
227 4347 278 4398 er'.
