2984 5032
196 441 247 488 xu
629 433 879 494 PRAEFATIO

196 592 401 660 desideratur
487 599 545 661 198
573 603 679 662 inuicti
695 601 806 676 supere
828 603 890 664 uiri
909 597 1008 685 Saug.
1021 603 1134 665 'inuicti
1145 603 1308 677 sumeuiri

195 719 324 786 Monac.
339 721 449 790 Orosii
525 726 712 788 ·199et0m.
729 720 828 809 Sang.
842 723 970 789 Monac.
1057 731 1099 810 ia]
1117 690 1262 812 idSang.

238 843 276 902 ab
288 844 382 904 isdem
395 837 494 927 Sang.
510 848 549 908 ab
561 847 675 908 iisdem
688 842 817 907 Monac.
904 843 971 906 VII
985 843 1027 908 fr.
1041 843 1093 907 IX
1106 844 1231 910 scribe:
1254 847 1307 910 ‘in
1349 857 1358 886 '-

196 976 234 1020 66
249 977 347 1021 uersu
361 959 492 1025 inueni’
568 963 629 1025 257
651 981 759 1026 nauem
772 961 869 1025 etiam
880 960 995 1024 Bamb.
1009 941 1171 1026 Prisciani
1244 967 1305 1030 265

196 1073 288 1138 deest
309 1074 344 1138 in
364 1076 601 1164 Bambergensi
642 1139 648 1150 ,
687 1081 749 1144 276
777 1099 898 1143 mamam
925 1078 1047 1144 habent
1068 1079 1251 1146 Helmstad.
1275 1090 1306 1146 et

195 1190 331 1276 Legem.
352 1197 392 1259 65
415 1217 474 1282 pru
486 1195 629 1262 Murena·
711 1197 771 1262 318
792 1201 846 1262 bea
868 1218 942 1261 cum
960 1198 1076 1262 ceteris
1099 1197 1192 1263 libris
1211 1200 1306 1264 Bam-

194 1310 365 1396 bergensis
388 1335 515 1402 quoque
601 1319 663 1382 326
686 1322 820 1399 Cyclopis
840 1313 957 1379 Bamb.
1045 1315 1079 1378 X
1101 1315 1181 1381 fr.I
1207 1317 1307 1382 Gellii

181 1429 359 1495 ,uerbasie
375 1433 706 1502 scribendafuerunt:
728 1433 999 1522 ‘insequenda'
1019 1435 1105 1499 enim
1125 1435 1233 1519 scribi,
1258 1437 1306 1500 in-

197 1549 280 1635 quit,
304 1545 416 1634 debet,
439 1575 504 1617 non
527 1555 760 1637 insecenda,
784 1555 936 1640 quoniam
956 1556 1131 1640 insequens
1145 1555 1307 1639 significat

196 1673 277 1754 Ι...]
303 1672 523 1758 traditumque
550 1695 623 1738 esse
649 1673 817 1758 Inseque
840 1673 933 1758 quasi
953 1693 1054 1758 perge
1078 1671 1187 1736 dicere
1209 1680 1241 1737 et
1259 1675 1307 1737 in-

197 1811 334 1875 sequere
361 1793 489 1878 itaque’
520 1812 548 1854 e.
572 1814 603 1879 q.
626 1813 652 1855 s.
683 1799 715 1854 et
738 1788 946 1876 paulopost:
981 1799 991 1830 1
999 1789 1039 1855 de
1065 1812 1127 1854 usu
1155 1793 1307 1879 antiquae

196 1907 345 1972 lectionis
359 1909 526 1995 scripserit
540 1932 607 1974 nen
624 1911 794 1996 inseque
813 1906 899 1994 apud
911 1907 1054 1972 Ennium
1072 1908 1264 1994 legendum’

238 2028 300 2090 352
325 2025 448 2093 dehoc
468 2049 567 2093 uersu
587 2028 664 2094 uide
686 2049 769 2114 quae
798 2029 948 2115 exposui
962 2027 997 2090 in
1020 2025 1153 2106 Quaest.
1176 2028 1262 2092 Eun.

239 2148 301 2209 367
321 2167 421 2212 ommes
441 2155 581 2214 mortales
602 2145 718 2212 Bamb.
743 2169 776 2232 p.
798 2148 874 2228 696,
904 2153 1073 2232 praeterea
1094 2166 1161 2210 non
1188 2145 1307 2212 discre-

196 2285 278 2350 pans
293 2265 328 2328 in
342 2265 392 2329 his
408 2264 512 2331 tribus
526 2264 693 2348 uersibus,
713 2265 796 2330 alter
809 2263 899 2329 Iocus
916 2262 1008 2328 deest
1022 2266 1056 2328 In
1072 2261 1134 2328 hoc
1153 2264 1265 2330 codice

237 2382 326 2446 XIII
348 2382 388 2449 fr.
409 2385 458 2448 IV
481 2382 603 2474 scribe:
633 2383 684 2446 ‘in
704 2382 792 2446 XIII
812 2379 958 2464 annali’3
987 2378 1127 2446 leuiores
1150 2384 1307 2470 quasdam

196 2501 323 2565 Hertzii
342 2501 578 2588 discrepantias
597 2523 659 2567 nee
676 2501 729 2565 hic
747 2523 808 2565 nec
830 2497 911 2564 alibi
929 2499 1042 2562 curaui
1128 2503 1189 2566 384
1207 2513 1307 2568 astem-

196 2623 250 2684 dat
270 2627 334 2684 siue
356 2625 485 2686 uiuimus
504 2619 621 2685 Bamb.
709 2624 771 2685 390
799 2624 974 2686 accumbunt
1001 2627 1033 2684 et
1057 2626 1168 2684 laetum
1189 2619 1304 2685 Bamb.

241 2739 302 2801 393
326 2745 477 2818 aspidium
497 2746 530 2804 et
548 2738 1008 2822 perhibenturBambergensis
1031 2759 1160 2826 quoque
1224 2738 1307 2803 XVI

196 2856 237 2920 fr.
257 2856 343 2921 VIII
366 2857 488 2922 scribe:
512 2859 566 2922 ‘in
587 2856 671 2922 XVI
692 2856 820 2922 annali’
908 2857 970 2922 426
993 2857 1036 2922 61.
1060 2879 1146 2922 6666
1169 2859 1308 2945 quaein

133 2983 136 2986 '
197 2972 331 3054 Quaest.
349 2975 436 3040 Eun.
451 2975 545 3069 dixi·
607 2974 726 3040 XVIII
739 2975 780 3039 fr.
796 2975 845 3040 IV
859 2975 982 3040 scribe:
1006 2981 1159 3041 Mamilius
1244 2979 1308 3042 482

196 3099 310 3175 hiemps
329 3094 427 3160 etiam
445 3092 561 3158 Bamb.
648 3097 708 3156 517
730 3103 791 3158 tum
812 3092 906 3158 Leid.
930 3093 993 3158 ab

280 3212 600 3298 Tragoediarum
639 3214 698 3276 156
728 3211 937 3292 Cresphontem
965 3227 1189 3278 aestumaucrus
1217 3213 1306 3300 Kay-

195 3353 288 3395 serus
301 3355 308 3414 3
323 3331 410 3396 idem
425 3333 459 3394 in
474 3331 625 3396 lemmate
636 3336 763 3396 studiosi
777 3331 838 3417 (sic
851 3331 947 3413 enIm,
963 3352 1029 3395 non
1040 3337 1178 3411 studiose,
1199 3340 1308 3396 monet

197 3449 407 3515 scribendum
435 3449 521 3536 esse)
550 3471 610 3536 pro
632 3449 853 3514 additamento
883 3450 1017 3514 serioris
1044 3451 1160 3514 aetatis
1184 3448 1307 3533 'habet3

196 3570 230 3632 in
248 3567 415 3633 uersibus:
438 3567 548 3633 ‘nulla
567 3576 600 3633 te
621 3567 775 3653 indigna’
801 3589 828 3630 e.
852 3588 883 3652 q.
907 3587 933 3629 s.
955 3588 1037 3652 quae
1059 3567 1184 3654 subripi
1198 3568 1307 3632 Ennio

194 3687 364 3774 Kayserus
387 3708 453 3751 nou
472 3685 559 3769 uult,
586 3708 618 3751 u.
643 3688 662 3748 2
684 3691 756 3751 bene
779 3691 926 3750 aoliocuui
946 3684 1168 3769 Oauchianus3
1191 3697 1218 3752 te
1238 3692 1309 3752 buia

194 3804 589 3892 166666666Κ6γ66666Ι
673 3826 706 3869 u.
729 3807 748 3868 3
777 3802 878 3867 adde:
906 3812 934 3867 ie
959 3824 1021 3867 om.
1046 3804 1154 3890 Opitz.
1242 3803 1307 3869 Ibi-

195 3925 269 3990 dem
290 3926 332 3990 fr.
356 3925 406 3988 VI
429 3924 477 3988 sic
498 3946 516 3988 e
537 3922 631 3989 libris
646 3923 815 4008 Kayserus
837 3920 976 3986 rhetoris
997 3921 1100 3986 uerba
1122 3922 1307 3986 constituit:

110 4105 112 4110 .
194 4046 368 4111 ‘uitiosum
385 4051 434 4110 est
447 4063 543 4129 quom
558 4041 637 4128 quid
657 4061 717 4128 pro
740 4060 778 4104 66
794 4039 940 4122 sumitur,
962 4040 1049 4127 quod
1072 4042 1175 4105 inter’
1194 4063 1222 4105 e.
1236 4063 1267 4127 q.
1281 4063 1307 4105 s.

195 4172 227 4229 et
253 4163 460 4250 paulopost:
490 4168 653 4225 ‘utentem
677 4158 929 4246 Cresphontem’
1020 4161 1079 4224 164
1097 4180 1205 4240 pacem
1228 4167 1307 4225 euim

193 4292 271 4350 inter
291 4281 435 4368 Kayseri
458 4278 553 4344 cedd.
581 4280 705 4366 primae
728 4287 760 4343 et
786 4277 948 4342 secundae
978 4276 1122 4342 familiae
1151 4299 1262 4343 omnes

238 4401 297 4467 172
320 4406 372 4483 qui
392 4419 473 4496 uum
494 4397 571 4463 libri
586 4395 745 4480 Gelliani,
766 4403 803 4465 ut
823 4395 954 4462 uidetur
1039 4395 1234 4462 Hecubae
1256 4395 1306 4462 IV
