3112 5040
611 425 855 496 Ruttovtnu

709 591 758 662 IV

284 710 462 804 Tarquinio
477 709 567 780 dedit
588 710 760 803 imperium
782 709 880 782 simul
902 715 936 784 et
956 711 1031 784 sola
1050 715 1155 807 tegni.

578 911 587 922 ,
719 846 754 915 V

284 965 414 1036 Circum
431 987 490 1036 sos
511 989 597 1059 quae
618 971 695 1038 sunt
717 989 860 1060 magnae
881 971 1001 1060 gentes
1022 969 1199 1060 opulentae

712 1102 761 1171 VI

283 1219 355 1290 Hac
373 1187 473 1293 noctu
493 1222 551 1294 filo
573 1220 729 1313 pendebit
750 1221 883 1294 Etruria
901 1225 981 1295 tota

707 1357 771 1427 VII

284 1476 466 1569 Postquam
488 1475 612 1546 defessi
633 1479 710 1546 sunt
732 1478 820 1547 stare
843 1479 876 1546 et
895 1497 1057 1568 spargere
1078 1497 1155 1546 sese

198 1587 257 1648 155
286 1577 418 1648 Hastis:
446 1577 571 1648 ansatis
590 1583 790 1649 concurrunt
811 1579 957 1673 undique
976 1577 1061 1649 telis.

777 1714 793 1752 *
883 1724 885 1730 .

285 1817 438 1888 Tarquini
459 1839 581 1909 eorpus
601 1714 828 1890 bonabfflina
849 1779 937 1888 lauit
950 1822 983 1888 et
1002 1815 1106 1886 unxit.
1201 1871 1208 1916 .·

283 2054 466 2125 Prodinunt
485 2056 614 2128 famuli:
642 1954 868 2127 tumldandida
888 2053 1011 2126 lumina
1028 2055 1147 2126 lucent.

751 2191 769 2230 :t

287 2292 329 2362 ut
351 2292 406 2388 qui
427 2297 544 2364 sextus
562 2299 632 2366 erat
650 2193 777 2367 Roddae
795 2318 938 2388 regnare
960 2295 1141 2387 quadratae

182 2492 264 2544 bouus
279 2495 366 2543 Ancus
388 2494 509 2556 reliquit'
581 2497 617 2544 IV
635 2499 725 2547 Festus
741 2513 768 2562 p.
785 2495 836 2547 298
851 2495 885 2545 Μ.
910 2495 1045 2552 ‘solum,
1066 2500 1168 2543 terram.
1197 2493 1295 2542 Ennius

184 2560 200 2609 I.
217 2563 253 2610 III
269 2564 323 2610 ...’
394 2565 417 2612 V
436 2564 525 2612 Festus
539 2578 566 2628 p.
581 2565 629 2615 301
645 2567 679 2615 M.
703 2570 772 2616 ‘sos
784 2580 831 2631 pro
847 2579 890 2613 eos
904 2565 1001 2626 antiqui
1015 2563 1142 2620 dicebant,
1159 2569 1186 2611 ut
1198 2563 1295 2611 Ennius
1308 2597 1312 2604 .

183 2630 211 2679 Ii.
224 2632 249 2679 1:
272 2629 344 2696 [XX]
363 2632 431 2680 1.111
448 2634 501 2680 ...'
572 2635 609 2683 VI
629 2635 773 2685 Macrobius
793 2635 847 2684 Sat.
863 2634 904 2682 14
925 2649 951 2698 p.
967 2632 1001 2683 26
1016 2632 1073 2681 Jan.
1096 2632 1208 2681 ‘Ennius
1227 2631 1295 2680 enim

183 2701 233 2748 nisi
252 2701 292 2748 cui
305 2701 407 2750 uidetur
427 2702 493 2750 iuter
504 2707 605 2753 nostrae
625 2705 715 2754 aetatis
730 2704 863 2770 politiores
881 2702 1020 2752 munditias
1042 2701 1203 2766 respuendus
1221 2707 1298 2749 noctu

183 2769 307 2818 concubia
316 2769 432 2818 ‹ttxithts
441 2769 572 2819 uorsibus:
590 2771 636 2836 [IV
646 2773 677 2823 t'r.
688 2772 736 2838 VI]
749 2788 799 2836 quo
812 2775 837 2822 in
852 2772 907 2821 loco
922 2770 1175 2821 animaduertendum
1185 2777 1232 2828 est,
1246 2784 1297 2818 non

184 2837 267 2886 solum
283 2838 352 2900 quod
365 2846 441 2887 noctu
454 2840 578 2888 concubia
591 2843 637 2890 sed
652 2843 721 2904 quod
734 2844 811 2908 etiam
822 2856 873 2904 qus
885 2848 960 2890 noctu
973 2841 1076 2890 dixerit.
1104 2840 1136 2888 Et
1148 2839 1197 2888 hoc
1211 2840 1297 2904 posuit

183 2907 209 2954 in
224 2906 354 2956 annalium
369 2909 492 2972 septimo,
512 2908 538 2956 in
553 2924 660 2973 quorum
672 2913 746 2961 tertio
759 2911 854 2960 clarius
870 2910 938 2960 idem
950 2910 1032 2959 dixit:
1051 2909 1111 2958 hac'
1131 2925 1154 2958 e.
1167 2924 1191 2971 q.
1204 2924 1226 2957 s.

184 2977 233 3024 VII
254 2975 398 3026 Macrobius
416 2975 470 3026 Sat.
491 2974 527 3026 VI
548 2979 561 3027 l
581 2995 607 3045 p.
623 2979 676 3030 499
691 2981 748 3030 Ian.
780 2985 947 3030 ‘concurrunt
966 2979 1080 3040 undique
1101 2978 1160 3027 telis
1178 2978 1298 3027 indomiti

184 3045 321 3110 agricolus.
345 3044 421 3111 [Aen.
440 3045 568 3111 1111520]
593 3050 691 3100 Ennius
710 3051 736 3098 iu
754 3051 828 3100 tertio
851 3049 906 3098 ...'
978 3048 1038 3097 VIII
1060 3047 1166 3098 Sentius
1186 3048 1212 3096 in
1232 3048 1296 3096 Aen.

183 3114 285 3164 111219
300 3115 402 3165 ‘lauant
415 3115 532 3181 Ingentis
546 3124 570 3165 et
584 3126 695 3184 ungunt:
714 3135 804 3169 uersus
819 3118 894 3168 Ennii
908 3117 952 3179 qui
963 3118 1014 3166 ait:
1030 3117 1176 3178 Tarquinii’
1192 3132 1214 3165 e.
1233 3131 1257 3178 q.
1274 3131 1296 3164 s.

184 3184 300 3233 Donatus
319 3185 345 3233 in
357 3185 416 3234 Ter.
432 3185 493 3234 Hae.
509 3187 558 3244 12,
574 3186 609 3238 60
631 3188 711 3253 (uxor
726 3186 833 3249 dicitur)
853 3186 940 3249 ‘quod
960 3186 1026 3235 lotos
1039 3187 1144 3235 maritos
1161 3185 1235 3250 ipsae
1250 3200 1298 3232 un-

183 3254 304 3318 guebant,
321 3255 393 3304 ouius
405 3255 443 3303 rei
452 3256 524 3304 testIs
533 3256 645 3305 Ennius:
661 3258 720 3306 exin
732 3256 913 3319 Tarquinium'
929 3271 951 3303 e.
964 3271 989 3316 q.
1001 3271 1022 3304 s.
1040 3255 1186 3318 (Ennius
1200 3255 1298 3314 testis

184 3331 235 3372 est
260 3323 343 3388 Lugd.
372 3325 413 3373 ed.
439 3321 564 3386 Mediol.)
638 3325 675 3375 IX
696 3326 785 3376 Festus
812 3342 839 3391 p.
861 3323 913 3374 229
936 3324 970 3372 Μ.
1000 3324 1210 3388 ‘prodinunt,
1238 3338 1299 3389 pro·

185 3392 277 3452 deunt,
302 3400 330 3440 ut
349 3394 445 3442 Ennius
464 3394 550 3442 annali
569 3394 639 3444 1.111
658 3397 710 3445 ...’
738 3393 985 3459 neurospaston.
1008 3394 1218 3458 ‘prodiuuut‚
1238 3409 1299 3459 pro-

186 3461 272 3509 deunt.
306 3462 417 3510 Ennius:
438 3462 590 3526 prodinunt'
613 3481 635 3514 e.
653 3480 677 3526 q.
694 3480 715 3514 s.
787 3466 812 3514 X
836 3465 927 3514 Festus
945 3477 972 3528 p.
989 3462 1041 3514 258
1059 3462 1092 3512 Μ.
1119 3464 1299 3526 ‘quadrata

183 3571 388 3582 -ι-...ι-ι-ω

228 3635 280 3689 154
302 3636 375 3687 stare
388 3633 426 3699 et]
446 3639 518 3688 stant
529 3639 556 3688 et
567 3635 637 3689 libri.
653 3641 770 3690 stertunt
780 3651 831 3691 ms.
848 3651 902 3708 unp.
921 3636 1181 3693 aucturePoutono.
1197 3635 1298 3691 stando

185 3722 212 3771 et
222 3714 374 3772 Pontouus.
392 3723 497 3772 stantes
513 3717 683 3784 Scriuerius,
696 3721 780 3790 prob.
795 3720 938 3776 Portunus
1045 3727 1095 3778 155
1117 3719 1206 3774 bostis
1223 3718 1299 3773 Med.

269 3801 359 3856 hastis
375 3801 479 3857 ansatis
495 3801 626 3858 Columna
734 3809 784 3862 156
802 3804 932 3858 Tarouiui
946 3820 1049 3874 corpus
1072 3804 1103 3862 G.
1117 3804 1300 3875 thzyeuus)

185 3886 302 3958 prem.
331 3887 379 3941 1111.
406 3885 470 3940 Jen.
501 3891 569 3945 1823
591 3905 626 3958 p.
653 3893 704 3948 126
731 3886 896 3944 uinctum
922 3888 997 3944 Mus.
1019 3888 1117 3960 philol.
1150 3886 1211 3943 VII
1238 3890 1303 3945 598.

185 3971 328 4041 TarquInii
343 3985 446 4041 corpus
458 3970 583 4026 Semitas.
606 3972 672 4026 exin
686 3972 867 4043 Tarquinium
879 3973 1006 4028 Donatus
1020 3976 1032 4037 1
1032 3972 1114 4045 prob.
1129 3971 1301 4028 Weicbertus

186 4056 220 4109 dc
234 4071 308 4110 uere.
325 4057 372 4110 ini.
389 4070 465 4127 utsp.
477 4073 509 4128 p.
525 4059 573 4122 50)
594 4058 647 4111 nisi
665 4058 739 4129 quud
762 4059 828 4112 exin
849 4057 1020 4128 Tarquinum
1042 4057 1106 4112 edd.
1125 4062 1179 4111 uet.
1202 4073 1237 4110 ex
1257 4057 1300 4110 iu-

186 4141 311 4209 terquino
325 4140 414 4213 Lupd.
500 4139 627 4195 Merulae
647 4141 770 4212 fallaciis
792 4143 887 4198 nt'tt'tur
902 4141 1083 4197 Suerdtt'oeus
1104 4141 1185 4196 Vino.
1197 4155 1300 4212 praec.

187 4224 277 4278 Bentl.
290 4241 323 4294 ρ.
331 4227 366 4282 at
473 4227 523 4283 157
538 4225 700 4296 prodinunt]
715 4226 755 4297 ef.
768 4225 934 4281 Ritsobeb'us
947 4226 981 4280 de
998 4227 1086 4298 ept'grr.
1100 4224 1208 4282 Sorano
1223 4225 1300 4280 Bou-

186 4322 240 4362 nuu
264 4312 330 4366 1852
344 4326 377 4381 p.
400 4312 427 4368 tt
537 4313 589 4368 158
612 4311 701 4381 etqui
720 4317 816 4365 sextus
833 4316 893 4364 erat
912 4309 955 4365 M.
974 4310 1119 4367 Hortatur.
1138 4315 1166 4366 et
1180 4310 1243 4383 quIs
1258 4313 1302 4364 est
