3112 5040
687 447 922 507 nnuntlvn

741 617 834 688 XXII
848 613 864 652 *

351 739 458 824 Quam
477 737 576 828 prisci
597 737 684 808 casei
707 738 821 829 populi
842 741 978 806 tenuere
999 736 1104 806 Latini

735 875 841 946 XXIII
856 877 872 910 *

282 1002 323 1063 25
351 1044 607 1062 .....
662 994 727 1064 late
750 993 905 1064 Saturnia
926 997 1013 1065 terra

733 1131 847 1201 XXIV
861 1129 877 1167 *

905 1248 1050 1320 Saturne

349 1350 455 1436 Quem
478 1349 599 1422 Caelus
621 1350 738 1442 genuit

738 1502 838 1572 XXV
851 1500 867 1540 *

352 1620 434 1692 Cum
452 1643 556 1692 saeuo
577 1621 706 1692 obsidio
725 1645 868 1714 magnus
890 1585 1019 1692 Titanu’
1038 1623 1207 1715 premebat

745 1759 859 1830 XXVI

351 1875 498 1968 luppiter
520 1880 556 1945 ul
575 1899 671 1948 muro
693 1880 799 1948 fretus
816 1879 926 1972 magis
944 1878 1085 1971 quamde
1106 1899 1225 1948 manus
1243 1876 1276 1945 ui

738 2015 866 2085 XXVII

282 2142 322 2204 30
351 2132 414 2218 Qui
434 2134 562 2204 caelum
585 2139 698 2204 uersat
721 2137 826 2206 stellis
845 2133 1051 2226 fulgentibus
1071 2137 1194 2225 aptum.

1301 1723 1309 1736 ἱ

280 2333 355 2383 XXII
373 2333 455 2384 Varro
470 2335 501 2384 de
511 2335 541 2384 L.
548 2335 577 2384 L.
587 2336 636 2384 VII
646 2336 680 2386 28
690 2338 724 2387 Μ.
746 2340 856 2387 ‘cascu
864 2353 889 2387 m
902 2344 976 2386 uetus
987 2351 1043 2386 esse
1052 2334 1180 2401 significat
1186 2335 1283 2384 Ennius
1293 2334 1364 2397 quod

246 2403 295 2454 eit:
316 2405 407 2466 quam'
432 2420 454 2454 e.
478 2421 503 2468 q.
522 2421 543 2455 s.
574 2406 662 2456 Cicero
679 2408 755 2456 Tuse.
774 2407 842 2472 disp.
858 2409 869 2456 1
886 2407 974 2465 1227
1000 2406 1101 2468 ‘itaque
1119 2419 1197 2454 unum
1220 2404 1286 2453 illud
1308 2411 1364 2454 erat

246 2475 349 2523 insitum
368 2475 493 2539 priscis
508 2474 574 2535 illis,
604 2491 668 2538 quos
682 2492 797 2526 cascos
811 2475 925 2542 appellat
939 2475 1051 2535 Ennius,
1081 2490 1138 2524 esse
1159 2475 1186 2523 in
1202 2481 1284 2524 morte
1303 2489 1362 2524 sen-

246 2545 315 2592 eum’
342 2559 364 2592 e.
381 2560 441 2607 q.·s.
476 2545 645 2610 Hieronymus
660 2547 742 2612 Epist.
763 2547 913 2596 adNieeem
933 2561 959 2610 p.
976 2543 1027 2595 342
1042 2545 1121 2610 Mign.
1149 2547 1266 2594 ‘namet
1285 2544 1362 2594 rudes

246 2613 284 2662 illi
300 2613 387 2664 ltaliae
401 2614 527 2674 homines,
548 2630 611 2678 quos
626 2631 741 2666 cascos
754 2617 852 2665 Ennius
866 2613 990 2680 appellat'
1010 2631 1033 2664 e.
1048 2629 1072 2676 q.
1088 2630 1109 2663 s.
1180 2613 1268 2664 XXIII
1280 2613 1362 2662 Varro

246 2682 279 2732 de
292 2682 321 2730 L.
336 2682 366 2730 L.
386 2683 410 2731 V
424 2685 457 2732 42
473 2684 507 2732 Μ.
530 2684 625 2734 ‘hunc'
652 2685 692 2750 (h.
716 2702 738 2734 e.
762 2682 949 2750 (lapitoIInum)
975 2687 1064 2734 ‘antea
1081 2691 1192 2732 montem
1214 2681 1362 2732 Saturnium

246 2751 404 2816 appellatum
418 2752 585 2816 prodiderunt
603 2761 626 2804 et
642 2755 673 2803 ab
693 2768 722 2803 eo
739 2755 805 2803 late
817 2754 1005 2803 Saturniam
1022 2762 1157 2813 terram,
1176 2759 1203 2800 ut
1222 2753 1298 2802 etiam
1310 2753 1362 2802 En-

190 2833 193 2839 ·
247 2821 304 2868 nius
322 2820 454 2886 appellat.'
481 2823 596 2874 Enniana
613 2823 692 2872 uerba
712 2825 743 2873 ab
762 2824 824 2873 late
839 2825 953 2888 incipere
970 2823 1000 2871 Η.
1020 2822 1147 2888 llbergius
1167 2821 1293 2872 intellexit

245 2889 331 2939 XXIV
351 2889 446 2940 Nonius
457 2906 484 2955 p.
494 2890 576 2951 lete
592 2893 733 2942 ‘eaelum
747 2901 844 2942 neutro.
861 2893 1002 2942 masculino
1014 2893 1147 2942 Lueretius
1220 2893 1302 2940 Varro

246 2960 359 3008 Ennius:
380 2959 454 3009 fortis
464 2960 571 3010 Romani
587 2977 741 3025 quamquam
751 2962 837 3012 caelus
850 2961 1002 3028 profundus.
1031 2962 1117 3012 Idem:
1133 2961 1254 3011 Saturno'
1267 2978 1289 3012 e.
1301 2978 1326 3024 q.
1338 2975 1360 3010 e.

246 3028 378 3078 Charisius
397 3029 407 3076 Ι
427 3045 453 3094 p.
474 3030 551 3080 551³.
574 3031 627 3096 (40
645 3029 741 3095 Lind.)
769 3033 909 3081 ‘caelum
931 3031 980 3080 hoe
999 3045 1057 3080 eum
1076 3033 1109 3082 sit
1129 3038 1259 3088 neutrum,
1285 3033 1361 3080 etiam

246 3098 387 3147 masculine
398 3106 498 3148 ueteres
513 3100 647 3159 dixerunt,
665 3108 693 3149 ut
706 3102 818 3150 Ennius:
846 3101 934 3163 quem'
952 3117 974 3150 e.
989 3116 1013 3163 q.
1030 3116 1051 3148 s.
1085 3098 1233 3166 Epicharmi
1245 3101 1363 3165 Scaliger

246 3168 317 3218 Geni.
333 3183 360 3232 p.
372 3167 431 3228 180,
450 3169 586 3219 Euhemeri
599 3169 743 3220 Krahnerus
756 3171 788 3220 de
802 3178 913 3235 corrupt.
928 3169 1002 3235 relig.
1011 3170 1083 3220 Rom.
1097 3187 1123 3235 p.
1132 3169 1165 3220 40
1181 3170 1248 3219 hunc
1258 3184 1361 3219 uersum

246 3253 303 3288 esse
315 3245 343 3286 ut
354 3239 499 3303 proximum
514 3241 659 3305 suspicetur
727 3239 802 3290 XXV
816 3239 1060 3305 Noniusp.21ll,29
1076 3240 1225 3290 ‘obsidio
1240 3239 1361 3289 feminino

247 3344 253 3355 .
270 3343 276 3354 .
292 3343 320 3354 ..
341 3315 429 3357 neutro
445 3309 555 3359 Ennius:
575 3311 645 3360 eum'
666 3326 689 3358 e.
706 3325 730 3373 q.
747 3326 768 3358 s.
841 3309 928 3358 XXVI
950 3310 1040 3358 Festus
1055 3326 1082 3374 p.
1094 3310 1143 3360 261
1156 3309 1188 3358 Μ.
1212 3309 1362 3371 ‘quamde

246 3390 292 3440 pro
308 3391 384 3438 quarn
398 3392 458 3426 usos
472 3394 529 3428 esse
542 3382 660 3442 antiquos
672 3395 730 3427 cum
745 3377 818 3428 multi
832 3386 932 3429 ueteres
946 3380 1092 3429 testimeni0
1106 3385 1178 3438 sunt,
1197 3385 1251 3427 tum
1264 3379 1361 3428 Ennius

246 3459 423 3563 letius.
443 3446 527 3565 lli
542 3446 1362 3584 l?ntilluminet”lemtim'‘llllltg

246 3589 342 3648 aptum.
375 3581 449 3647 [Aen.
465 3585 501 3633 lV
514 3584 577 3650 482]
591 3588 688 3636 Ennius
701 3588 728 3635 in
740 3587 841 3651 primo.
858 3623 864 3635 .
880 3589 901 3636 .'
930 3587 1036 3652 (libro
1051 3588 1103 3636 Vl⁰
1116 3585 1227 3649 Salisb.)
1246 3587 1361 3636 Eundem

136 3653 142 3664 ’
245 3667 348 3702 uersum
364 3653 466 3702 uidetur
484 3655 597 3706 Isidorus
621 3657 768 3722 respexisse
788 3657 821 3706 de
841 3672 925 3706 rerum
946 3665 1035 3706 natura
1055 3657 1104 3707 Xll
1132 3661 1206 3705 ‘nam
1224 3657 1292 3719 'quod
1311 3657 1361 3721 ipsi

246 3724 352 3773 dicitur:
390 3724 445 3787 qui
469 3726 581 3776 uoluIs
607 3727 718 3776 orbem
745 3726 861 3776 stellis
891 3727 1091 3777 ardentibus
1119 3725 1359 3792 refulgentem,

287 3901 323 3956 24
346 3902 461 3954 tenuere
477 3898 617 3954 Columna.
636 3916 760 3972 genuere
775 3900 839 3956 libri
941 3903 976 3959 m
996 3901 1073 3972 genit
1091 3879 1362 3974 Scaliperfgenuuit

244 3981 356 4038 Merula
457 3987 493 4042 88
512 4000 599 4038 saeuo
622 3984 732 4040 lunius.
752 4002 803 4040 suo
824 3984 893 4040 libri.
913 3985 952 4040 sis
971 3984 1141 4042 Krulmerus
1229 4004 1362 4058 magnum

244 4065 356 4122 Merula
483 4065 592 4124 Titanu'
616 4067 737 4124 Mende.
758 4069 887 4124 Titanum
908 4070 978 4126 libri.
1003 4071 1103 4126 Titana
1122 4071 1223 4129 Iunius

244 4154 280 4209 09
297 4151 417 4220 quamde
434 4169 533 4208 manus
552 4155 581 4210 ui
597 4153 732 4226 Sculiper.
755 4155 810 4225 qud
831 4152 942 4210 deman'
960 4156 1037 4227 impe
1052 4156 1111 4214 cod.
1136 4157 1178 4225 (li.
1191 4173 1214 4211 e.
1239 4157 1361 4228 quamde

245 4251 344 4291 manus
367 4238 402 4291 ui.
425 4237 495 4305 ide).
518 4239 639 4310 quamde
661 4255 745 4296 manu
762 4244 817 4293 stat
831 4239 989 4296 Lambinus.
1016 4240 1137 4312 quamde
1158 4258 1242 4298 manu
1262 4259 1295 4298 sa
1309 4243 1362 4298 lm·

245 4325 325 4392 perat
342 4319 373 4377 0.
388 4321 541 4378 Muellerus
