3112 5040
245 471 318 518 xcn
642 460 957 530 QVAESTtONES

245 626 409 686 ostendunt.
454 623 511 684 Vel
535 624 610 684 baec
639 613 709 696 τούς
728 627 785 701 μῦς
805 617 900 697 Αἶνος
925 624 982 704 ἔχει
1008 618 1166 704 μεγάλους,
1192 612 1309 702 ὀοκρεῑα
1326 615 1354 682 δ’

237 721 375 811 Ἄβυδος,
401 722 458 802 Τάς
480 723 606 808 άρκκονς
621 722 750 809 Πάριον,
774 720 842 803 τοὺς
864 728 897 790 δὲ
917 723 1019 802 κτένας
1041 723 1060 808 ἡ
1082 723 1254 808 Μιτυλήνη,
1273 728 1358 788 titat-

245 853 331 906 οκους
357 825 384 893 d’
407 823 571 915 Ἀμβρακία
603 828 723 914 παρέχει
749 853 812 896 cum
834 837 878 896 hia
901 836 1039 896 Ennianis
1063 853 1222 913 compone:
1266 853 1359 893 mures

245 953 310 1002 eunt
325 946 409 1014 Aeni,
433 947 523 1017 spaera
544 954 636 1002 ostreo
657 947 784 1016 plurimo
805 947 906 1019 Abydi,
928 948 1094 1019 Καρνείου
1115 945 1266 1019 Mitylenae
1286 958 1311 999 e.
1328 957 1356 1016 q.

247 1063 271 1104 a.
298 1054 327 1104 ct
349 1036 590 1106 adiunctiora
614 1044 704 1130 Θάσῳ
724 1044 775 1106 καὶ
793 1048 891 1130 Καρίᾳ
915 1047 988 1108 εἰσὶν
1010 1042 1125 1128 άρισκοι
1141 1045 1200 1106 Καὶ
1222 1039 1360 1126 Κέρκυρα

246 1143 345 1230 τρέφει
365 1141 492 1222 πολλοὺς
518 1146 662 1232 μεγάλους
683 1173 713 1210 τε
740 1143 772 1212 τὸ
793 1156 917 1232 πλῆθοςΙ
935 1171 998 1212 oum
1019 1153 1119 1213 Ennii:
1146 1157 1270 1226 polypus
1292 1153 1357 1210 Cor—

247 1277 350 1334 cyrae,
374 1263 501 1317 caluaria
521 1263 634 1333 pinpuia
654 1277 799 1334 acernae,
821 1260 958 1336 Purpura
984 1263 1113 1317 matriculi
1132 1275 1243 1328 maresc,
1266 1261 1359 1314 dulces

247 1381 353 1438 pompae
382 1367 479 1422 echini.
522 1362 568 1422 De
596 1361 699 1421 finibus
729 1370 824 1420 autern
852 1380 886 1422 ao
922 1364 1045 1423 consilio
1075 1361 1208 1422 carminis
1238 1359 1359 1420 Enniani

247 1469 316 1529 nihil
340 1469 410 1530 licet
433 1487 469 1528 en
490 1485 547 1528 uno
570 1469 647 1547 quod
677 1467 840 1545 Appuleius
863 1469 978 1529 tradidit
1000 1470 1162 1546 fragmento
1189 1467 1356 1544 conligere:

248 1593 304 1634 nec
329 1575 399 1636 illud
425 1574 616 1634 confidentius
642 1573 814 1633 adfirmarim
842 1583 953 1651 partem
978 1584 1137 1635 saturarum
1166 1592 1252 1648 esse,
1290 1571 1358 1630 licet

248 1678 342 1739 Varro
365 1681 392 1738 in
412 1682 516 1739 saturis
537 1678 604 1758 περὶ
625 1671 790 1756 ἐδεσμάτων
814 1680 912 1754 egisse
934 1681 1072 1740 tradatur.
1117 1681 1155 1740 ht
1179 1697 1283 1738 uersus
1302 1677 1356 1737 En·

249 1787 325 1844 niani
346 1785 528 1844 multifariam
552 1803 586 1844 ac
609 1783 697 1843 foeda
721 1801 784 1842 cum
806 1764 988 1844 librariorum
1010 1787 1119 1846 incuria
1141 1796 1200 1847 turn
1222 1784 1357 1844 socordia

249 1890 390 1950 editorum
414 1890 564 1968 deprauati
593 1889 886 1950 circumferebantur:
918 1891 1105 1968 quiquidem
1129 1891 1289 1969 quamlibet
1309 1890 1357 1949 he-

248 2006 443 2056 xametrorum
464 1995 620 2070 licentiam,
651 1997 732 2054 cuius
752 1995 820 2055 alibi
849 2015 904 2056 nec
924 1997 992 2057 nola
1017 2015 1072 2057 nec
1094 1998 1250 2074 uestigium
1271 1996 1356 2074 adpo·

248 2102 347 2178 rabat,
366 2102 410 2161 his
431 2102 566 2161 uersibus
589 2102 755 2161 concedere
777 2117 834 2160 non
855 2100 1028 2162 dubitarunt.
1074 2103 1166 2176 Quam
1187 2120 1245 2180 ego
1269 2103 1356 2160 licen·

248 2210 315 2268 tiam
338 2225 451 2267 omnem
474 2207 574 2284 expuli
597 2206 793 2284 confidenter,
830 2209 904 2268 adeo
937 2227 972 2269 nc
995 2209 1142 2269 audaciam
1165 2207 1282 2286 quidem
1308 2207 1356 2266 ali·

249 2331 333 2392 quam
369 2331 432 2373 cum
466 2315 578 2372 ratione
606 2313 760 2374 adhibitam
795 2313 1006 2374 reformidans:
1041 2316 1069 2372 in
1104 2329 1161 2391 quo
1194 2330 1302 2371 uereor
1329 2320 1358 2370 ut

249 2436 394 2498 prospere
420 2421 511 2478 omnis
536 2417 603 2477 mibi
632 2419 795 2480 emendatio
819 2423 959 2480 cesserit:
988 2419 1074 2478 modo
1103 2419 1173 2478 illud
1196 2417 1355 2491 effecerim,

251 2535 281 2586 ut
301 2544 337 2585 ne
361 2526 425 2604 quis
447 2525 496 2585 illa
519 2535 599 2585 certa
626 2534 713 2606 atque
737 2527 842 2587 intacta
864 2527 1025 2604 praedicet.

570 2731 573 2736 ⁵
696 2776 821 2838 cnrvu
843 2777 911 2837 vn1

333 2944 455 3006 Restant
478 2945 534 3004 duo
555 2943 620 3003 libri
643 2944 779 3022 Enniani,
805 2947 841 3006 de
865 2945 968 3022 quibus
988 2944 1160 3004 breuissime
1183 2960 1356 3023 expromere

249 3052 419 3112 sententiam
448 3051 555 3129 placet.
606 3048 855 3128 Epicharmus
879 3051 958 3128 (nam
992 3051 1016 3108 is
1040 3059 1085 3110 est
1106 3051 1180 3110 alter
1200 3065 1300 3108 eorum
1324 3048 1356 3108 li·

249 3158 381 3238 brorum)
406 3161 461 3218 iam
483 3154 605 3216 dubitari
627 3158 726 3234 nequit
748 3159 815 3236 quin
838 3174 895 3216 uno
921 3165 1013 3216 metro
1036 3156 1187 3217 trochaico
1210 3155 1356 3235 perscrip-

249 3275 295 3324 tus
328 3263 429 3340 fuerit,
466 3281 529 3323 oum
565 3272 594 3322 et
624 3280 724 3322 omnes
755 3265 803 3342 qui
834 3266 957 3325 citantur
990 3281 1026 3322 ex
1053 3261 1228 3340 Epicharmo
1255 3277 1356 3320 uersus

249 3372 324 3430 hunc
339 3385 485 3430 numerum
502 3369 634 3446 prodant,
653 3378 682 3428 ct
702 3385 844 3445 eosquos
863 3371 930 3430 olim
949 3370 996 3429 hic
1011 3365 1252 3427 circumferebant
1269 3364 1357 3424 hexa-

248 3485 358 3536 metros
383 3474 467 3534 nobis
485 3475 716 3552 persuaserimus
736 3492 773 3532 ex
789 3475 930 3534 annalium
946 3473 1067 3533 exordio
1086 3472 1255 3550 desumptos
1273 3489 1357 3530 esse:

251 3581 288 3642 cf.
312 3598 341 3658 p.
369 3577 451 3639 XXII
480 3598 524 3660 sq.
570 3580 630 3640 Sed
659 3582 701 3640 eis
728 3583 847 3640 remotis
876 3598 913 3640 co
938 3579 1083 3641 difficilius
1116 3587 1160 3638 est
1189 3576 1225 3635 dc
1258 3575 1356 3634 indole

251 3687 384 3748 carminis
406 3685 502 3763 deque
532 3703 566 3744 ca
595 3686 723 3763 ratione,
752 3705 826 3766 quae
854 3687 975 3747 Ennium
1001 3687 1076 3744 inter
1102 3693 1131 3743 ct
1155 3682 1358 3762 Epicharmum

250 3794 468 3868 intercesserit,
491 3792 630 3852 indicare.
675 3791 745 3853 Nam
768 3795 845 3871 quod
867 3793 988 3852 Ennium
1010 3789 1073 3849 siue
1090 3787 1223 3866 dispersa
1246 3789 1274 3847 in
1288 3785 1384 3866 Epi--

250 3899 357 3959 charmi
380 3897 540 3958 comoediis
559 3895 735 3975 philosophe
766 3896 842 3956 dicta
869 3895 1044 3974 compilasse
1072 3896 1134 3954 siue
1165 3894 1200 3952 ab
1224 3893 1288 3952 aliis
1315 3893 1357 3950 in·

250 4005 375 4064 stitutum
412 4001 668 4082 Epicharmearum
701 4001 905 4061 sententiarum
943 4001 1158 4060 conlectionem
1190 3998 1356 4058 adhibuisse

250 4108 313 4177 siue
336 4108 461 4186 deniquo
481 4107 655 4184 singularem
676 4105 840 4184 Epicharmi
866 4105 932 4186 cepi
962 4102 1078 4183 φάσεως
1100 4104 1204 4164 librum
1233 4119 1355 4164 conuer-

249 4214 320 4273 tisse
341 4213 471 4273 arbitrati
504 4223 586 4289 sunt,
620 4230 719 4272 eorum
756 4211 823 4271 nihil
851 4218 895 4272 est
935 4209 1013 4287 quod
1044 4209 1355 4288 aliquoueliquiarum

250 4320 374 4381 adsensu
392 4319 609 4398 comprobetur.
644 4317 682 4378 At
695 4315 804 4377 Ennius
824 4317 908 4377 etiam
924 4318 947 4376 si
962 4315 1106 4395 quaedam
1126 4315 1162 4377 ab
1178 4313 1354 4393 Epicharmo
