3070 5032
306 411 367 476 170
745 416 973 475 EVHEMERI

305 589 356 656 set
379 607 475 679 quam
495 583 674 670 Saturnus,
702 584 823 656 idcirco
841 587 874 655 et
891 586 979 678 quod
1002 585 1135 656 uidebat
1159 591 1332 656 matrem
1357 587 1440 676 atque

305 711 440 760 sorores
461 711 541 758 suas
561 711 696 780 operam
716 688 795 758 darc
811 692 847 758 ut
864 688 1027 760 Saturnus
1048 693 1247 782 regnaret,
1282 687 1441 757 concessit

248 795 286 856 10
305 793 335 861 ei
359 796 394 861 ut
419 791 447 860 is
468 797 633 883 regnaret.
681 793 794 884 ltaque
816 795 932 882 pactus
953 797 1005 862 est
1030 815 1103 862 cunr
1125 793 1326 876 Saturno,
1354 791 1401 858 uti
1422 791 1441 857 si

305 895 384 988 quid
411 894 548 964 liberum
573 895 677 964 uirilis
705 917 809 965 sexus
837 895 866 964 ei
895 899 1007 973 natum
1032 898 1140 981 esset,
1178 919 1236 965 ne
1278 895 1440 962 educaret

229 1043 234 1052 ·
305 998 340 1068 ld
362 998 433 1068 eius
461 997 506 1067 rei
532 1020 635 1068 causa
654 999 747 1082 lecit,
774 997 821 1067 uti
843 998 884 1067 ad
910 1019 992 1068 suos
1018 1002 1141 1091 gnatos
1161 1020 1340 1092 regnum
1362 996 1442 1064 redi-

305 1104 364 1170 ret.
404 1101 486 1170 Tum
508 1099 758 1172 Saturnofilius
780 1101 834 1194 qui
854 1099 980 1192 primus
1005 1106 1192 1190 natusest,
1232 1123 1325 1172 eum
1351 1120 1441 1167 neca-

305 1208 433 1274 uerunt.
470 1203 595 1273 Deinde
617 1203 784 1294 posterius
802 1204 868 1272 nati
889 1208 966 1274 sunt
984 1205 1124 1297 gemini,
1152 1205 1333 1297 luppiter
1352 1204 1441 1292 atque

248 1313 286 1372 15
305 1308 396 1377 luno.
436 1307 519 1376 Tum
540 1308 696 1376 lunonem
714 1306 857 1376 Saturno
880 1307 912 1376 in
936 1312 1148 1399 conspectum
1173 1309 1328 1379 dedere
1351 1312 1438 1396 atque

305 1411 417 1480 Iouem
438 1409 522 1480 clam
547 1410 753 1480 abscondunt
780 1411 923 1502 dantque
949 1433 1025 1480 eum
1044 1411 1170 1482 Vestae
1202 1409 1438 1488 educandum,

305 1515 450 1584 celantes
483 1513 670 1584 Saturnum.
721 1514 800 1583 Item
832 1513 1020 1603 Neptunum
1055 1516 1138 1584 clam
1169 1515 1345 1586 Saturno
1377 1508 1436 1598 Ops

231 1704 239 1714 ,
305 1617 405 1707 parit,
440 1639 582 1708 eumque
604 1617 786 1685 clanculum
814 1617 995 1686 abscondit.
1045 1618 1099 1687 Ad
1119 1621 1279 1690 eundem
1304 1615 1436 1684 modun

305 1719 401 1789 tertio
436 1723 531 1809 partu
561 1717 631 1810 Ops
666 1719 751 1809 parit
787 1719 939 1812 geminos
972 1721 1144 1790 Plutonem
1179 1726 1215 1792 et
1259 1721 1432 1791 Glaucam

246 1826 286 1886 20
304 1821 402 1892 Pluto
421 1821 535 1891 Latine
558 1825 609 1890 est
628 1821 687 1890 Dis
708 1824 818 1912 pater:
848 1821 902 1892 alii
918 1820 1041 1894 Orcum
1064 1827 1192 1894 uocant.
1251 1825 1308 1894 Ibi
1332 1821 1433 1892 Glau-

304 1947 376 1994 cam
403 1924 504 1994 liliam
528 1924 671 1994 Saturno
700 1925 891 2010 ostendunt,
924 1929 958 1996 at
981 1927 1084 1996 lilium
1106 1926 1299 1997 Plutonem
1330 1925 1429 1994 celant

304 2032 402 2122 atque
425 2029 640 2098 abscondunt.
679 2027 804 2098 Deinde
826 2028 951 2098 Glauca
976 2053 1081 2120 parua
1108 2032 1289 2100 emoritur.
1347 2027 1428 2096 Haec

303 2135 339 2200 ut
359 2131 481 2221 scripta
503 2139 580 2200 sunt
599 2130 687 2200 louis
711 2133 913 2225 fratrumque
943 2133 1014 2202 eius
1037 2133 1137 2223 stirps
1156 2137 1267 2230 atque
1296 2152 1425 2222 cogna-

303 2234 348 2304 tio
368 2235 407 2302 in'
421 2234 508 2303 hunc
529 2234 662 2303 modum
685 2235 780 2304 nobis
800 2258 843 2304 ex
862 2257 957 2304 sacra
976 2236 1153 2326 scriptione
1173 2238 1306 2307 tradita
1329 2237 1387 2304 est.

834 2384 882 2452 IV

245 2521 285 2582 25
408 2513 533 2583 Deinde
559 2515 654 2584 Titan
679 2518 852 2607 postquam
882 2513 1015 2584 resciuil
1043 2514 1186 2584 Saturno
1215 2517 1312 2586 filios
1343 2535 1418 2604 pro-

305 2619 433 2685 creatos
464 2620 563 2708 atque
598 2618 756 2686 educatos
783 2639 859 2686 esse
889 2617 989 2701 clam,
1024 2619 1151 2687 seducit
1184 2642 1305 2688 secum
1336 2617 1416 2686 filios

304 2741 385 2788 suos
408 2719 463 2811 qui
479 2719 584 2788 Titani
605 2724 782 2804 uocantur,
810 2721 1010 2811 fratremque
1033 2743 1130 2790 suum
1153 2721 1338 2798 Saturnum
1368 2721 1414 2788 at-

303 2843 367 2913 que
387 2820 491 2911 tlpem
513 2824 759 2912 comprehendit
779 2845 905 2916 eosque
924 2845 1019 2893 muro
1036 2825 1227 2917 circumegit
1245 2832 1279 2896 et
1301 2826 1412 2895 custo·
1460 2834 1464 2845 ’

302 2924 387 2992 diam
411 2925 461 2994 his
481 2926 624 3016 apponit.

839 3028 873 3096 V

408 3157 590 3229 Columella
608 3159 690 3228 1112
719 3164 795 3227 ‘nec
819 3180 899 3226 sane
925 3158 1047 3227 rustico
1071 3159 1205 3250 dignum
1226 3162 1277 3227 est
1297 3153 1411 3227 scisci-

303 3262 380 3346 tari,
422 3263 562 3332 tueritne
599 3262 715 3330 mulier
749 3260 967 3351 pulcherrima
1004 3262 1115 3352 specie
1150 3263 1284 3332 Melissa
1317 3277 1408 3352 quam

303 3365 448 3454 luppiter
473 3366 506 3432 in
536 3387 629 3455 apem
657 3363 818 3432 conuertit
848 3387 889 3431 an
921 3368 958 3432 ut
987 3365 1243 3434 Euhemerus
1272 3357 1408 3455 podta’

1315 3545 1320 3572 l

301 3583 312 3631 1
326 3595 347 3628 o.
358 3579 389 3629 14
407 3582 488 3628 ‘nunc
501 3579 621 3643 quoniam
636 3577 667 3628 ab
677 3577 718 3627 his
732 3593 797 3642 quae
807 3577 950 3627 rettulimus
963 3577 1146 3641 aliquantulum
1162 3594 1235 3628 sacra
1244 3579 1351 3630 historia
1362 3576 1406 3626 dis·

304 3651 394 3710 sentit,
415 3650 559 3714 aperiamus
575 3664 608 3698 ea
625 3663 690 3712 quae
708 3649 776 3697 ueris
797 3647 887 3696 litteris
910 3649 1083 3707 continentur,
1103 3664 1134 3698 ne
1153 3652 1284 3713 po'e'tarum
1304 3647 1404 3714 ineptias

305 3723 330 3770 in
355 3720 506 3769 accusandis
527 3719 695 3784 religionibus
714 3719 787 3781 sequi
808 3733 837 3767 ac
851 3717 960 3782 probare
980 3718 1122 3768 uideamur.
1154 3718 1222 3768 Haec
1242 3720 1317 3769 Ennii
1335 3715 1406 3767 uerba

304 3798 374 3841 sunt:
404 3791 552 3838 exin
576 3789 701 3838 tradita
723 3796 778 3837 est.
822 3789 884 3836 Item
906 3787 983 3852 paulo
1004 3795 1062 3852 post
1082 3786 1145 3837 haec
1165 3787 1253 3838 infert:
1282 3784 1404 3838 deindc'

304 3878 327 3910 e.
343 3876 366 3922 q.
384 3875 405 3908 s.
440 3859 540 3908 Verba:
560 3858 637 3907 ‘haec
649 3865 677 3906 ut
690 3858 786 3922 scripta
798 3858 870 3905 sunt’
893 3873 915 3906 e.
932 3873 956 3920 q.
972 3872 993 3906 s.
1015 3873 1047 3907 ne
1068 3859 1125 3920 quis
1139 3857 1265 3908 Lactantii
1285 3875 1341 3909 esse
1354 3868 1404 3905 oen-

306 3979 512 4010 -Ὓ-
539 3967 543 3974 ”

305 4052 458 4137 ἄριστος
547 4063 582 4118 20
607 4057 735 4128 Dispater
759 4059 825 4130 aliq.
852 4058 915 4112 libri
935 4056 1019 4113 Isaei.
1049 4058 1184 4130 diispater
1210 4062 1267 4115 siue
1297 4057 1401 4129 dispiter

305 4150 353 4203 alii
365 4147 504 4218 Lenqlelii.
520 4143 656 4214 diespiter
670 4145 747 4198 malli
759 4143 822 4198 libri
837 4149 863 4196 et
869 4144 1022 4222 pleraeque
1036 4145 1098 4199 edd.
1128 4145 1171 4216 Of.
1191 4144 1282 4200 Varro
1293 4145 1326 4200 de
1337 4137 1400 4198 nl.

297 4233 336 4296 ,V
354 4237 389 4291 66
409 4231 450 4284 M.
541 4235 574 4288 nl
598 4245 631 4282 ac
654 4229 734 4300 urtlpo
826 4234 861 4288 28
884 4244 962 4282 muro
985 4229 1148 4300 circumegit
1163 4231 1291 4301 plerique
1306 4225 1401 4284 lr‘driet
1467 4239 1468 4256 ¹

305 4317 365 4396 edil.
383 4331 485 4370 earnes.
502 4330 597 4368 muros
613 4313 777 4386 circumegit
791 4314 844 4370 duo
862 4313 932 4385 aeq.
950 4329 1066 4385 quorum
1079 4315 1150 4369 alter
1164 4319 1205 4369 cst
1218 4315 1400 4369 uetustissimus
