3112 5040
595 441 835 512 ustlovrnn

637 607 641 612 ’
684 607 744 678 11*

260 739 416 832 Vndique
438 739 638 810 conueniunt
660 741 715 811 uel
737 745 774 812 ut
795 741 899 812 imber
917 740 984 812 tela
1002 741 1148 812 tribuno:

261 841 442 934 Conligunt
460 865 623 933 parmam,
650 844 746 914 tinuit
767 845 917 914 astilibus
940 845 1040 914 umbo

258 947 383 1016 Aerato
404 945 514 1032 sonitu
535 946 669 1038 galeae:
696 948 757 1018 sed
775 969 837 1018 nec
853 951 932 1038 pote
952 947 1125 1041 quisquam

261 1048 415 1142 Vndique
437 1048 571 1118 nitendo
590 1072 722 1141 corpus¹
737 1051 925 1143 discerpere
944 1051 1043 1122 ferro.

169 1155 232 1218 435
260 1151 398 1243 Semper
416 1151 623 1222 obundantes
645 1153 758 1223 hastas
781 1154 971 1247 frangitque
994 1153 1177 1247 quatitque:

260 1255 378 1325 Totum
397 1255 501 1324 sudor
519 1253 618 1326 habet
637 1278 760 1348 corpus
783 1257 987 1350 multumque
1006 1257 1133 1326 laborat
1210 1345 1212 1350 ,

258 1357 326 1426 Nec
344 1356 527 1448 respirandi
543 1357 581 1426 tit
598 1360 709 1450 copia:
736 1363 894 1452 praepete
913 1361 1003 1430 ferro

259 1459 362 1530 Histri
384 1460 451 1530 tela
475 1482 574 1530 manu
593 1461 750 1534 iacientes
773 1463 1001 1533 sollicitabant.

692 1611 735 1682 lll

487 1728 564 1799 aire
582 1729 676 1800 fulua

672 1859 720 1932 IV
734 1861 751 1900 *

259 1975 384 2047 Gellius
398 1975 493 2048 XVll
506 1985 544 2050 21
568 1977 758 2050 ‘Claudium
776 1983 809 2048 et
822 1977 1019 2049 Tuditanum
1036 1980 1193 2050 consules
1208 2001 1268 2049 se-

155 2082 275 2148 cuntur
296 2079 334 2164 0.
349 2081 506 2151 Valerius
525 2086 558 2152 et
575 2081 610 2153 C.
626 2082 794 2152 Manilius’
816 2080 878 2174 to]
896 2082 1043 2153 consul
1059 2081 1144 2175 Reg.
1158 2083 1266 2175 Lugd.

156 2181 216 2250 sed
243 2182 366 2259 imhoc
392 2185 614 2254 omanilius
646 2186 764 2255 rubric.
785 2183 827 2294 ¹in
855 2207 923 2277 mg.
981 2185 1130 2270 mauib;
1166 2185 1266 2256 Voss,

154 2381 251 2432 Ennius
266 2383 332 2434 libro
342 2384 441 2436 XVlll:
459 2383 562 2451 [gnoma
575 2384 699 2452 dirigere]
714 2385 780 2436 dixit
795 2385 984 2450 degrumarl
997 2384 1126 2436 terrum.
1153 2383 1267 2436 Lucilius

114 2488 117 2494 .
154 2451 199 2500 lib.
220 2453 266 2502 lll:
296 2455 416 2518 uiamque
435 2455 667 2521 Degrumabis‚
694 2463 722 2503 ut
747 2456 774 2504 in
799 2455 890 2503 castris
914 2469 1016 2504 mensor
1034 2454 1095 2504 lacit
1118 2455 1197 2505 olim!

153 2521 174 2568 ll
190 2521 334 2572 Macrobius
347 2522 400 2572 Sat.
413 2524 448 2572 Vl
461 2522 477 2574 3
491 2539 517 2589 p.
532 2523 584 2575 ald
597 2525 654 2574 lun.
678 2524 817 2573 ‘Homerus
831 2523 863 2573 tle
877 2523 965 2573 niueis
977 2522 1037 2573 torti
1051 2526 1199 2590 pugnauit:
1223 2522 1265 2588 [11.

156 2587 258 2655 11102]
280 2588 351 2649 Αἴας
367 2582 396 2640 d’
417 2581 512 2640 οὐκέτ’
531 2584 641 2676 ἔμιμνε·
664 2583 772 2660 βιάζετο
791 2581 844 2656 γὰρ
863 2584 998 2659 βελέεσσι·
1020 2587 1125 2658 Λάμια
1143 2606 1192 2658 μιν
1212 2591 1267 2657 Ζη-

153 2649 204 2716 νός
225 2672 255 2708 τι
280 2652 349 2718 νόος
374 2655 422 2710 καλ
448 2657 543 2790 Τρῶες
567 2659 673 2726 αγαοοί
693 2651 865 2718 Βάλλοκτιρ·
894 2651 995 2743 daturis
1019 2651 1051 2711 dt
1073 2656 1139 2727 κερλ
1165 2656 1267 2727 κροτα-

153 2739 234 2790 φοισι
260 2721 366 2794 φαεινή
389 2721 474 2812 siritu
514 2724 670 2818 ραλλομέκη
694 2722 824 2795 καοαχὴκ
849 2722 907 2795 ἔχε·
934 2725 1049 2797 βαλλιτο
1073 2721 1104 2780 δ’
1118 2723 1178 2780 αἰεί
1198 2723 1266 2780 Koite

153 2787 258 2862 φάλαρ’
276 2788 431 2862 εὐποίηθ’·
459 2796 510 2848 od
540 2789 689 2863 ἀριστερὸν
709 2785 788 2864 ὦμον
813 2791 933 2865 ἔκαμνεν
947 2789 1092 2866 ”Epicadus
1113 2792 1176 2850 ullu
1195 2793 1266 2865 ἔχων

153 2857 240 2922 σάκος
258 2859 371 2916 αἰόλον·
400 2858 468 2916 οὐδ’
486 2857 624 2918 ἐδύναντο
646 2859 726 2933 ’Ἀμφ’
745 2859 822 2936 αὐτῷ
842 2865 989 2933 πελεμίξαι
1013 2859 1170 2935 ἐρείδοντες
1193 2865 1267 2937 βελέ-

152 2946 247 2983 coctu·
266 2929 327 2984 Atat
345 2925 376 2985 δ’
395 2926 520 3006 ἀργαλέῳ
538 2927 610 3003 ἔχετ’
629 2927 770 3002 ἄσθματι,
787 2929 844 2987 sold
862 2930 895 2986 δέ
912 2931 943 2987 ολ
960 2930 1047 3004 ἰδροίς
1064 2930 1219 2988 Πολιτοθοιι
1235 2929 1267 2988 ἐκ

151 2997 257 3068 μελέων
272 2995 335 3070 diss
353 2994 484 3069 ἄσπετος,
504 2996 573 3056 oide'
585 3021 625 3074 κῃ
641 2999 717 3073 εἶχεν
732 2997 907 3072 auxumam,
927 2998 1021 3076 τάττῃ
1035 2997 1067 3057 dt
1084 2999 1175 3058 κακόκ
1186 3005 1267 3075 κακῷ

153 3063 308 3139 ἐστήρικτο.
332 3076 404 3125 Hunc
417 3078 500 3126 locum
512 3077 609 3126 Ennius
621 3077 648 3126 in
661 3079 748 3141 quinto
762 3077 861 3126 decimo
873 3077 907 3127 atl
917 3091 1030 3143 pugnam
1038 3077 1103 3128 Gelil
1114 3079 1210 3128 tribuni
1224 3077 1266 3126 his

151 3145 270 3194 uersibus
281 3145 415 3196 transfert:
427 3146 551 3209 undique’
567 3163 590 3197 e.
601 3162 626 3209 q.
637 3161 659 3196 s.
675 3147 750 3196 ‘binc
758 3147 890 3212 Vergilius
902 3147 1011 3196 eundem
1023 3147 1107 3198 locum
1123 3147 1155 3197 tle
1166 3147 1265 3196 incluso

151 3213 237 3263 Turno
250 3215 333 3280 gratia
347 3215 503 3280 elegantiore
516 3216 672 3282 composuit:
690 3214 765 3280 [Aen.
779 3215 815 3264 lX
829 3215 907 3267 806-
916 3214 999 3280 814].'
1024 3215 1080 3282 (Ad
1093 3215 1160 3265 huno
1172 3216 1266 3265 librum

151 3282 281 3333 rettulitl'.
289 3285 633 3349 RitterusEphem.Darmst.
644 3285 712 3336 1840
720 3300 746 3350 p.
756 3282 816 3334 388.
844 3285 877 3333 in
887 3283 936 3333 XV
946 3283 1048 3350 Anglic.
1061 3283 1156 3334 Salisb.
1169 3285 1236 3334 Med.
1250 3301 1265 3334 a

151 3352 202 3401 bc.
218 3353 250 3401 in
264 3353 457 3404 duodecimo
469 3354 525 3404 Par.
559 3353 634 3419 Gelii]
649 3354 713 3404 oeli
724 3353 826 3419 Anglic.
839 3353 947 3404 coelii
958 3353 1015 3403 Par.
1028 3351 1056 3403 (λ.
1070 3353 1157 3404 Aelii
1168 3354 1266 3404 Merula

151 3421 218 3470 conl.
237 3422 404 3472 Liu.XL14.
430 3421 463 3473 ol.
477 3421 708 3488 F.Ritterusl.s.)
779 3424 815 3473 ΙΙΙ
834 3421 932 3473 Gellius
950 3421 1056 3474 xlttao
1082 3427 1184 3473 ‘contra
1203 3426 1265 3473 dero

152 3491 221 3539 idern
230 3492 326 3540 Ennius
336 3493 360 3540 in
372 3491 458 3541 anuali
468 3492 687 3544 duodeuicesima·
700 3492 759 3558 (du
766 3491 847 3542 odeu
855 3492 1014 3542 icensimo
1024 3489 1162 3559 Magliub.)
1177 3497 1265 3544 ‘abre

152 3558 247 3608 iulus
265 3560 331 3608 dixit
349 3574 399 3608 non
413 3559 519 3621 fuluo,
538 3577 588 3611 non
601 3563 633 3611 ob
644 3563 671 3612 id
684 3563 766 3610 solum
779 3561 848 3624 quod
860 3562 986 3612 Homerus
1003 3551 1074 3626 ἠέρα
1086 3558 1210 3630 βαθεῖαν
1227 3563 1266 3613 tli-

151 3628 199 3687 eit‚
215 3628 261 3677 sed
275 3629 344 3691 quod
358 3627 401 3677 hic
412 3643 490 3678 sonus
505 3631 596 3694 opinor
608 3630 751 3679 uocabilior
763 3638 802 3679 est
815 3631 888 3679 uisus
901 3637 925 3680 et
939 3631 1087 3680 amoenior.’
1113 3632 1183 3681 Idem
1197 3631 1266 3682 1126

153 3695 285 3746 ‘tuluus
303 3704 386 3746 autern
397 3696 498 3747 uidetur
510 3699 542 3749 de
554 3699 611 3748 rulo
624 3706 699 3761 atque
711 3698 790 3748 uiridi
803 3700 899 3748 mixtus
917 3699 943 3747 in
961 3699 1020 3749 alite
1036 3699 1095 3764 plus
1109 3701 1216 3759 uiridis,
1238 3702 1265 3749 in

152 3765 211 3815 aliis
225 3767 284 3831 plus
301 3765 350 3816 rufl
368 3765 479 3827 habere3
501 3769 539 3817 sic
556 3771 632 3834 poeta
648 3767 785 3818 uerborum
802 3767 1015 3833 diligentissimus
1036 3767 1134 3818 futuam
1151 3767 1265 3832 aquilam

152 3835 215 3884 dicit
233 3843 258 3885 et
274 3836 401 3902 iaspidem
419 3861 455 3872 -
476 3837 563 3900 sicque
576 3837 673 3887 Ennius
690 3838 716 3885 in
729 3836 864 3886 annalibus
882 3838 958 3886 aere
975 3836 1069 3888 tutuo
1088 3837 1171 3888 dixit·

191 4011 245 4066 431
274 4009 352 4064 uelut
375 4009 439 4064 lilm'
544 4015 597 4069 432
626 4011 752 4068 astilibus
778 4009 878 4066 Satan
906 4009 1054 4087 hastilibus
1077 4012 1162 4067 ceteri

149 4095 202 4150 tas
229 4091 407 4149 obundantes
431 4091 583 4150 Pantanus.
605 4093 781 4150 abundantes
803 4095 877 4160 libri.
904 4097 959 4152 mu
975 4097 1050 4169 quod
1069 4094 1265 4152 habundantes

151 4175 243 4247 Νιομ.
266 4178 443 4234 adundantes
466 4178 659 4250 Cosiricomius
674 4178 803 4234 Merulae
906 4182 961 4238 138
982 4181 1094 4236 Histrici
1116 4182 1154 4235 ait
1175 4177 1265 4252 Nccp.

150 4259 190 4330 cs.
205 4257 331 4318 Macrob.
342 4265 435 4336 publi
445 4263 513 4318 Jou.
532 4263 614 4319 ‘libro
628 4265 747 4319 seeundo
761 4262 825 4319 belli
833 4261 950 4318 Histrici
962 4266 1014 4319 αλλ’
1121 4268 1174 4324 tae
1189 4265 1264 4320 tutuo

194 4441 308 4498 Eumvs.
471 4511 476 4516 Ι
1036 4439 1055 4502 5
