3112 5040
696 423 971 510 nunnrrvruf

797 595 832 666 V

325 691 328 698 ’
364 675 572 766 Concurrunt
591 697 646 766 uel
665 699 712 767 uti
730 700 821 768 uenti
842 723 917 771 curn
939 702 1074 793 spiritus
1097 707 1201 776 austri

362 797 543 870 lmbricitor
563 801 741 894 aquiloque
760 825 823 872 suo
845 825 921 874 curn
939 807 1070 878 flamine
1092 803 1208 879 eontra

231 929 237 959 t
273 905 336 966 425
363 899 444 971 Indu
468 903 550 974 mari
572 925 694 997 magno
717 906 837 976 fluetus
858 909 1018 979 extollere
1039 915 1173 982 certant.

293 1079 301 1096 ο
361 1119 435 1188 Non
458 1128 599 1214 possunt
618 1145 768 1195 mussare
789 1023 865 1198 llll
889 1131 944 1222 qui
967 1131 1088 1200 sarnam
1141 1183 1150 1200 .

362 1222 437 1292 Nixi
455 1225 587 1296 militiae
608 1228 711 1298 multo
732 1251 892 1322 peperere
914 1233 1028 1304 labore

783 1347 847 1418 Vll

266 1494 270 1504 .
362 1495 743 1519 .......
796 1474 904 1546 neque
928 1475 1070 1543 corpora
1091 1452 1186 1522 lirrna

361 1547 567 1639 Longiseunt
587 1551 761 1646 quicquam

665 1800 822 1882 rinna
854 1799 959 1882 run
1062 1781 1068 1792 ’

804 1987 818 2060 Ι

270 2097 332 2159 430
359 2087 566 2182 Degrumare
588 2091 697 2160 iorurn

255 2291 389 2352 cunctique
399 2290 492 2339 Latini.
512 2289 588 2356 [Aen.
596 2290 699 2356 xlrts]
712 2293 808 2341 Ennius
822 2293 849 2341 iu
861 2292 970 2356 septimo
982 2291 1080 2340 deeimo
1095 2291 1146 2340 ...’
1160 2291 1212 2357 (in
1221 2292 1284 2340 vl1⁰
1296 2289 1366 2354 Sal.)

320 2360 347 2408 'V
362 2359 506 2409 Macrobius
517 2360 570 2410 Sat.
585 2362 647 2412 vlt
661 2377 686 2426 p.
695 2361 747 2411 514
758 2362 815 2410 lau.
836 2361 946 2410 ‘diuersi
960 2375 1053 2426 magno
1065 2376 1111 2409 eeu
1124 2361 1253 2423 quondam
1264 2361 1365 2409 turbine

255 2431 324 2477 uenti
343 2429 487 2496 (lonlligunt
506 2431 685 2496 zephyrusque
705 2440 829 2494 notusque
853 2438 877 2479 et
898 2430 979 2480 laetus
997 2431 1057 2479 Eois
1076 2431 1157 2478 Eurus
1178 2431 1259 2492 equis.
1287 2427 1363 2494 [Aen.

255 2497 353 2563 11416]
373 2501 469 2548 Ennius
482 2501 508 2548 iu
521 2502 630 2565 septimo
648 2501 747 2550 decimo
763 2503 815 2550 ...'
887 2501 922 2550 Vl
940 2499 1106 2564 Philargyrus
1119 2501 1145 2548 iu
1157 2499 1250 2564 Georg.
1266 2501 1301 2548 lV
1314 2498 1364 2550 188

255 2571 415 2617 ‘mussant
428 2569 470 2618 hie
481 2579 646 2618 murmurant.
672 2569 741 2628 Quae
751 2585 803 2619 uox
820 2571 923 2635 ponitur
937 2579 960 2618 et
973 2570 999 2617 in
1013 2569 1114 2618 tacendi
1128 2568 1322 2634 significatione,
1338 2576 1365 2616 ut

254 2638 324 2702 apud
335 2639 445 2686 Ennium
459 2640 484 2686 in
497 2639 570 2688 XVll
584 2641 637 2689 ...⁹
667 2639 760 2689 Paulus
774 2641 843 2688 Festi
860 2654 886 2704 p.
901 2640 950 2690 lot
962 2639 995 2688 Μ.
1018 2641 1188 2698 ‘mussare‚
1205 2653 1364 2698 murmurare

253 2707 363 2756 Ennius:
384 2706 432 2772 [VI
447 2706 479 2756 ir.
494 2703 543 2772 Vl]
562 2709 640 2774 uulgo
661 2723 722 2757 uero
741 2723 787 2773 pro
805 2717 888 2758 taeere
906 2708 1012 2768 dicitur,
1034 2716 1061 2756 ut
1074 2709 1147 2758 'idem
1165 2709 1276 2756 Ennius:
1304 2722 1364 2756 uon

253 2776 349 2825 decet
363 2791 507 2826 mussare
521 2778 640 2826 bonos!
660 2779 732 2826 Hune
744 2777 899 2827 uersiculum
916 2792 966 2826 non
979 2777 1110 2826 diuersum
1122 2793 1179 2827 esse
1194 2778 1226 2825 ab
1242 2791 1272 2826 eo
1288 2792 1363 2838 quem

252 2845 403 2912 Philargyro
417 2845 538 2896 debemus
547 2847 721 2897 0.Muellerus
733 2847 859 2898 intellexit
873 2847 905 2896 ud
912 2847 1014 2896 Festum
1026 2862 1052 2911 p.
1061 2845 1120 2897 384.
1141 2846 1246 2896 Seruius
1258 2846 1285 2894 in
1299 2847 1362 2894 Aen.

252 2913 300 2962 Xll
318 2915 369 2965 657
396 2915 506 2965 ‘'Enuins
523 2931 665 2966 mussare
686 2931 733 2982 pro
750 2926 834 2966 tacere
854 2917 957 2982 posuit!
1029 2917 1078 2966 Vll
1089 2915 1194 2966 'Nonius
1211 2932 1237 2981 p.
1256 2913 1315 2973 134,
1332 2915 1363 2964 lll

253 2984 473 3117 {longisoepffi
494 2986 598 3052 longum
610 2986 665 3035 lieri
681 2987 723 3036 uel
738 2985 865 3052 frangere.
890 2986 986 3034 Ennius
1006 2985 1051 3034 lib.
1066 2986 1139 3036 XVll
1157 2986 1208 3036 ...'
1227 2985 1296 3050 (Am
1311 2984 1362 3032 uel

267 3054 426 3118 anguore?

286 3158 373 3207 Ltnnu
387 3157 470 3206 XVlll
507 3157 517 3204 l
532 3155 735 3222 Noniusp.63,8
751 3161 893 3224 ‘grumae
908 3164 965 3206 sunt
978 3136 1035 3206 toea
1043 3158 1128 3207 media
1140 3158 1164 3205 iu
1177 3172 1241 3220 quae
1251 3157 1361 3206 directae

252 3235 369 3289 quattuor
382 3235 568 3294 congregantur
580 3235 604 3276 et
617 3229 770 3276 conueniunt
784 3230 852 3277 uiae.
876 3229 921 3276 Est
933 3235 1017 3276 antem
1030 3242 1141 3292 grurua
1154 3242 1272 3276 mensura
1284 3240 1362 3288 quae-

252 3297 311 3346 dam
323 3312 374 3359 qua
387 3297 439 3345 lixa
454 3297 511 3346 iriae
524 3297 558 3346 ad
574 3297 668 3346 lineam
682 3298 882 3364 dirigantur,
903 3304 931 3346 ut
946 3305 983 3346 est
998 3298 1200 3362 agrimensoruru
1220 3305 1243 3345 et
1261 3296 1359 3344 talium.

250 3483 368 3524 mannus
383 3469 515 3530 adLucr.
538 3469 581 3526 VI
593 3475 661 3530 1260
746 3477 916 3542 exortusque
927 3468 1001 3527 Med.
1088 3471 1225 3542 utrimque
1238 3466 1360 3522 Merula.

250 3555 375 3624 utrisque
391 3553 454 3609 libri
536 3559 588 3612 423
607 3557 690 3610 ueluti
707 3555 770 3610 liora·
874 3561 925 3614 425
946 3555 1014 3610 indu
1029 3553 1150 3610 Merula.
1172 3554 1238 3608 inde
1252 3553 1360 3624 Aaplio.
1394 3575 1397 3580 ·

251 3639 522 3696 satraparum.
537 3657 554 3693 α
570 3639 585 3694 b
600 3656 616 3694 c
702 3657 805 3712 magno
820 3641 926 3713 Anglie.
938 3639 1038 3696 Saluo.
1054 3656 1173 3710 magnos
1183 3639 1253 3694 Par.
1271 3683 1273 3687 .

249 3729 302 3783 426
315 3742 357 3796 sq.
381 3726 484 3779 lamam
558 3726 620 3780 Nixi
635 3726 748 3781 militiae
764 3727 849 3780 multo
869 3743 896 3797 p.
914 3727 1009 3779 labore
1023 3723 1164 3795 Borplrius
1177 3723 1296 3795 Eplem.
1311 3722 1358 3776 ltu.

249 3810 318 3865 Hal.
333 3813 401 3868 retu
416 3807 450 3863 ΙΙ
463 3813 524 3868 230.
545 3811 646 3864 laetam
667 3813 761 3865 labore
780 3810 855 3864 enixi
877 3810 1001 3864 militiam
1020 3825 1049 3880 p.
1068 3808 1264 3882 Philargyrus.
1287 3807 1359 3860 laeta

249 3895 344 3950 labore
359 3894 425 3949 Nixi
444 3894 559 3948 militiae
575 3911 603 3964 p,
621 3893 650 3948 J.
665 3895 760 3949 Doroa
775 3893 867 3948 Plaut.
883 3893 1008 3965 It'oeplon.
1027 3892 1077 3949 IV
1088 3897 1123 3951 14
1225 3894 1278 3948 429
1300 3892 1358 3944 lan-

249 3981 363 4051 gisennt
381 3977 432 4034 To.
445 3977 555 4050 Hupiua
655 3982 709 4052 4³⁰.
731 3977 899 4050 degrumare
916 3979 1018 4046 lorum]
1041 3976 1081 4049 of.
1094 3977 1221 4050 Hyginus
1237 3976 1271 4031 de
1284 3975 1359 4030 limat.

243 4080 278 4135 p.
293 4069 346 4124 180
359 4063 473 4120 Lacum
501 4063 543 4118 ‘in
561 4065 661 4118 naalma
681 4079 779 4134 proma
793 4065 909 4134 ponitur
931 4065 960 4118 in
982 4069 1139 4130 latrantem,
1160 4078 1215 4132 qua
1230 4061 1310 4116 uelut·
1322 4059 1362 4114 ad

247 4148 366 4220 forum
388 4149 586 4204 conuemirturl
619 4148 779 4219 degrumari
805 4149 910 4202 forrum
929 4147 1045 4203 Nonius.
1064 4145 1236 4218 baterpulato
1260 4159 1360 4216 grnma

250 4233 373 4304 dirigere
387 4249 445 4304 pro
466 4233 602 4288 Ennianis
619 4233 790 4289 urudr'tonter
812 4231 959 4288 Mereor-ur
978 4238 1005 4287 et
1019 4229 1131 4288 Merula
1150 4231 1285 4303 proxima
1303 4230 1358 4284 aie:

250 4317 412 4390 degrurnari
427 4319 499 4387 (niue
514 4317 697 4389 degrumare)
716 4332 784 4372 uero
800 4317 922 4372 Lucilius
938 4317 1083 4374 emundant
1178 4319 1182 4326 ‘
