2984 5032
501 455 735 511 ΕΝΝΙΑΝΑΕ
1082 462 1170 510 XLIII

83 623 123 700 rpri
144 622 230 680 Seruii
250 622 376 681 cadauer
397 623 425 679 in
437 623 483 681 uia
501 629 675 699 prostratum
694 620 864 680 adhortante
876 619 969 678 'inilia
982 618 1171 679 transuehere

83 746 130 786 non
151 727 302 788 abhorruit.
349 725 393 787 Oi.
414 725 511 786 Liuius
534 727 546 786 l
567 727 618 787 48.
641 725 760 785 Ouidius
778 723 856 783 Fast.
876 723 917 783 Vl
938 725 999 786 605
1018 743 1122 801 corpas
1143 735 1173 784 ut

83 839 186 909 repescit,
207 839 328 893 lacrimis
349 839 448 909 euripo
463 837 595 909 prosasa's
607 836 721 892 Restitit.
743 834 817 890 tanc
838 837 888 890 toli
906 838 1022 908 corripit
1032 835 1078 890 iilo
1089 849 1170 889 sono:

83 943 181 1016 ‘Vadis
201 961 237 999 aa
258 947 391 1016 expectas
411 946 534 1014 pretium
552 945 665 1016 pietatis
687 945 840 996 amaram?
871 941 942 1009 Duc,
962 941 1084 1010 inquom,
1099 940 1171 994 inui-

83 1057 115 1104 os
131 1051 189 1121 ipso
210 1065 264 1121 pcr
282 1066 334 1105 oro
363 1052 463 1104 rotost’
488 1052 570 1109 Certa
592 1051 662 1122 fides
683 1049 761 1122 sacti.
811 1040 858 1100 Fr.
889 1039 967 1114 xltt,
991 1041 1068 1118 quod
1088 1041 1171 1100 heroi

83 1170 171 1210 rersus
195 1152 313 1211 formam
340 1148 469 1228 libergio
504 1162 655 1232 acceptam
686 1151 795 1223 refert,
831 1145 1023 1226 probabiliter
1053 1146 1103 1205 ille
1135 1145 1169 1204 ad

83 1255 210 1335 tarquinii
231 1273 279 1314 res
302 1255 407 1315 refert.
452 1258 509 1332 Qui
527 1277 591 1318 curn
603 1259 715 1318 somnio
729 1274 776 1332 eo,
799 1254 877 1333 quod
889 1273 905 1312 a
918 1252 1007 1312 Bruto
1023 1252 1107 1311 Accii
1124 1249 1170 1310 Ci-

83 1379 141 1422 :ero
163 1364 198 1423 de
224 1361 280 1420 diu.
307 1360 391 1436 122,
414 1363 453 1423 44
476 1363 647 1443 (Ribbeckii
668 1363 755 1440 Trag.
777 1360 838 1420 Lat.
862 1359 916 1419 rel.
948 1377 976 1438 p.
1007 1358 1085 1437 238)
1113 1367 1169 1418 tra·

83 1470 152 1544 tidie,
180 1469 350 1547 perterritus
374 1479 470 1546 esset,
501 1469 717 1530 coniectoribus
740 1469 787 1546 qui
816 1476 846 1525 ut
875 1463 951 1543 apud
979 1463 1099 1524 Accium
1128 1462 1170 1522 iili

83 1572 169 1650 jann.
191 1574 210 1632 l.
233 1573 252 1634 l.
277 1592 305 1652 p.
325 1573 403 1654 239)
432 1578 523 1636 uisum
546 1579 574 1637 in
597 1578 701 1637 malam
729 1583 839 1653 partem
866 1571 1047 1648 interpretati
1071 1576 1170 1628 essent

83 1680 159 1738 notuit
180 1681 207 1738 in
229 1679 303 1740 hanc
324 1685 495 1743 senteutiam
516 1689 618 1760 aliquot
635 1689 741 1742 somnio
763 1700 833 1740 aero
851 1699 925 1755 csse,
953 1687 982 1736 at
1001 1681 1093 1736 omnio
1114 1696 1170 1736 noa

83 1805 126 1844 sse
150 1805 259 1846 neccsse
285 1789 484 1866 respondere:
521 1791 575 1849 nisi
603 1788 726 1848 Tulliam
759 1788 806 1846 uel
837 1785 923 1844 alium
953 1784 1054 1842 nescio
1083 1799 1169 1861 quern

83 1891 249 1970 iarquinium
268 1911 378 1971 angore
403 1914 576 1974 percussum
595 1896 652 1955 hoc
675 1895 752 1955 dicto
777 1891 957 1953 consolatum
978 1908 1045 1950 esse
1067 1891 1167 1949 mauis.

83 1998 202 2076 tequitur
222 1985 370 2060 calamitas
394 2001 563 2063 Lucretiae:
591 2002 648 2061 hoc
667 2019 751 2080 quem
773 1998 920 2059 Charisius
942 1996 969 2056 tl
991 2015 1019 2074 p.
1047 1995 1102 2056 181
1136 1996 1167 2055 P.

83 2105 150 2165 radit
171 2105 318 2164 uersiculo
348 2111 395 2166 titi
417 2115 475 2168 aito
503 2113 559 2169 Sca
586 2129 661 2168 mors
685 2114 714 2166 io
735 2111 836 2166 mando
855 2115 896 2164 est
916 2105 989 2182 (inc.
1012 2102 1075 2161 sed.
1098 2101 1168 2180 xl),

87 2219 170 2270 extus
188 2209 359 2289 Tarquinius
389 2213 506 2292 adloqui
529 2215 691 2275 Lucretiam
719 2213 851 2287 uidetur,
886 2207 962 2268 conl.
986 2207 1066 2267 Liuio
1089 2208 1101 2268 1
1128 2206 1168 2268 58

83 2334 131 2373 oce
153 2318 292 2376 Lucretio’
315 2323 417 2394 inquit;
446 2325 524 2380 ‘Sca
550 2324 717 2395 Tarquinius
735 2338 813 2383 sam;
832 2319 944 2394 ferram
963 2321 992 2375 ia
1011 2335 1096 2374 mono
1113 2323 1171 2378 est,-

83 2427 181 2480 roricrc
208 2427 234 2480 si
259 2431 381 2484 emiseras
403 2433 518 2486 uocem’.
561 2425 674 2485 Eodem
700 2423 798 2481 reiero
828 2421 863 2480 ir.
886 2420 954 2480 XIV
977 2428 1006 2479 et
1028 2418 1097 2478 XV:
1134 2437 1169 2479 ao

83 2545 148 2585 ares
168 2527 284 2604 quidem
303 2532 511 2606 percommode
529 2530 663 2590 Lucretia
681 2529 795 2602 dicitur,
819 2527 895 2586 dorni
911 2533 1097 2604 attemptata,
1119 2527 1168 2584 im-

83 2633 181 2692 {orare
207 2633 388 2712 eandemque
419 2635 492 2696 deos
522 2635 559 2694 de
594 2635 759 2695 innocentia
787 2641 978 2693 antestantem
1008 2639 1037 2691 in
1064 2638 1169 2692 coelom

83 2743 140 2796 citis
155 2741 324 2814 scalpentibus
346 2749 441 2816 eptam
464 2749 624 2817 suspectssc
646 2741 828 2802 crediderim.
867 2739 952 2799 Vnde
983 2756 1169 2818 consequens

83 2853 113 2918 rt,
138 2853 169 2903 ut
192 2861 293 2903 eorum
315 2863 451 2906 uersuum
473 2848 545 2907 ordo
563 2850 736 2908 inuertatur.

142 2949 280 3023 Quarti
301 2952 446 3011 annalis
464 2957 512 3030 qui
527 2964 623 3014 notam
641 2954 789 3032 praeierat
803 2971 876 3010 unus
888 2950 975 3010 hodie
989 2961 1068 3011 extat
1079 2971 1095 3010 a
1108 2950 1167 3010 Ma-

83 3055 163 3115 robio
189 3058 250 3116 Sat.
275 3058 346 3117 v11
374 3077 401 3137 p.
422 3061 484 3121 499
506 3062 569 3121 Jan.
591 3061 713 3120 traditus
738 3059 918 3119 uersiculos:
947 3063 1070 3118 Romani
1085 3063 1168 3117 scotis

83 3183 162 3221 :mmo
183 3169 310 3223 nitantur
330 3186 411 3240 opum
433 3173 464 3227 ai
485 3167 559 3247 (V):
588 3187 604 3226 e
628 3185 686 3245 quo
709 3176 817 3226 tanturn
844 3165 928 3226 abest
957 3173 987 3223 ut
1018 3164 1054 3223 de
1082 3183 1167 3242 argu-

83 3277 151 3326 ento
176 3268 245 3328 libri
269 3271 466 3330 coniecturam
490 3291 598 3351 capere
620 3273 726 3347 liceat,
749 3282 779 3331 ut
803 3271 895 3331 neda
918 3281 1020 3330 tenore
1051 3271 1167 3348 quidem

83 3375 98 3432 ri
122 3373 175 3433 ilie
200 3377 437 3438 accommodatus
450 3380 486 3438 sit
500 3381 652 3458 quicquam
670 3379 842 3439 adfirmarim
855 3375 1056 3437 confidentius.
1085 3373 1165 3434 Liuio

84 3481 146 3538 cito
169 3481 220 3558 qui
244 3479 338 3540 1V59
354 3481 391 3541 de
408 3482 534 3544 Anxuris
554 3486 634 3544 urbis
654 3485 870 3564 expugnatione
882 3489 921 3543 cet
931 3503 1010 3560 quem
1026 3489 1166 3544 tremattam

83 3587 142 3664 quit
165 3589 352 3662 obstupefacti
374 3595 423 3665 qui
447 3595 584 3650 aduersus
608 3569 725 3653 Fabiam
750 3595 845 3650 arbem
872 3595 995 3665 infimam
1023 3593 1168 3648 tuebantur

83 3712 138 3751 tam
174 3697 279 3753 dedere
313 3699 406 3752 scotos
433 3699 600 3755 admouendi
606 3727 613 3756 .·
642 3703 782 3772 plenoque
808 3700 923 3755 hostium
950 3705 1049 3754 cuncto
1077 3703 1167 3766 crant,

83 3797 114 3856 ie
131 3817 202 3857 num
221 3801 251 3858 in
270 3809 402 3858 enarrata
423 3801 485 3859 eius
507 3800 586 3860 urbis
609 3801 783 3860 obsessione
802 3799 931 3860 Enniana
952 3800 1051 3859 sedern
1073 3799 1164 3856 uersi·

83 3904 131 3962 lus
157 3907 363 3966 nanciscatur:
388 3914 418 3965 nt
440 3915 505 3966 ante
529 3908 565 3968 ir.
588 3907 629 3968 111
650 3907 687 3966 de
711 3923 769 3985 quo
793 3907 865 3966 inira
887 3907 979 3966 dicam
1008 3904 1163 3964 conlocan-

83 4011 170 4070 ssit.
225 4010 265 4070 At
293 4010 322 4068 in
348 4028 470 4089 quanam
494 4012 574 4072 urbis
602 4014 723 4073 alicuius
753 4014 971 4091 oppugnatione
996 4011 1045 4071 tali
1076 4029 1164 4070 uersu

110 4115 231 4176 Ennius
257 4133 314 4175 non
344 4115 458 4194 potuit?
489 4116 630 4179 Netinos
658 4120 774 4196 quidem
802 4119 886 4178 huius
915 4117 1024 4176 annalis
1054 4118 1162 4176 certius

83 4223 110 4280 ni
137 4232 283 4300 possunt:
313 4223 349 4282 ab
374 4224 459 4282 initiis
482 4225 525 4282 rei
548 4225 684 4302 publicae
703 4243 768 4283 eum
799 4241 936 4282 exorsum
959 4240 1038 4297 esse,
1067 4241 1163 4282 rerum

83 4328 259 4387 mandarum
278 4345 439 4406 progressu
462 4331 597 4407 exigitur.
643 4331 688 4389 Ac
706 4332 826 4408 primum
846 4332 874 4389 in
896 4330 971 4390 huno
983 4328 1086 4389 librum
1100 4328 1162 4388 het-
