2984 5048
564 457 809 528 nuntovian

658 625 722 699 X*

491 828 497 846 Ι
629 743 747 814 Medea
787 712 809 766 n'

239 849 454 942 Nequaquam
471 845 556 914 isluo
572 843 655 916 istae
674 844 747 915 ibit:
775 845 897 937 magna
915 845 1002 916 inest
1019 843 1166 916 oertdlio.

562 978 579 1017 *
802 978 819 1016 *

681 1037 698 1075 ’l‘

148 1141 211 1206 305
236 1131 319 1215 Mam
334 1136 370 1202 ul
384 1155 450 1224 ego
465 1131 529 1200 illis
546 1129 766 1222 supplicarem
779 1129 870 1200 lanta
883 1129 1161 1240 blandiloquentiae
1173 1131 1249 1202 -?
1309 1095 1315 1104 ι

464 1355 465 1358 ¹
650 1262 727 1338 Xl*

239 1384 304 1469 Oui
325 1385 397 1453 uolt
417 1407 494 1454 esse
519 1383 608 1478 quod
630 1385 718 1470 uolt,
747 1385 793 1455 ila
818 1383 874 1454 dal
892 1384 929 1454 se
954 1406 1023 1471 reS‚
1053 1388 1089 1455 ul
1112 1385 1250 1476 opera'nn

798 1485 896 1556 dabit.

720 1585 737 1625 a

238 1689 305 1760 'llle
326 1693 478 1760 trauersa
498 1690 607 1759 mente
628 1587 792 1761 liModie
813 1689 946 1760 tradidit
968 1691 1140 1784 repagula,

240 1792 368 1878 Quibus
383 1815 449 1885 ego
463 1793 545 1864 iram
560 1795 688 1864 omnem
707 1793 873 1864 recludam
890 1797 989 1887 alque
1006 1794 1050 1864 nti
1067 1794 1249 1886 pernitiem

799 1896 896 1982 dabo,
1347 1889 1353 1903 '

240 1998 318 2076 Mihi
335 2019 521 2084 maerores
543 1997 587 2066 illi
606 1998 746 2083 luctun1,
768 1999 904 2070 exilium
922 1998 984 2084 illi,
1008 1998 1143 2070 exilium
1161 1999 1248 2068 mihi.

137 2197 266 2252 mendatio
278 2199 422 2258 uetustatis,
442 2197 514 2246 ouius
530 2204 627 2248 amator
642 2197 715 2247 unice
728 2197 859 2262 Vergilius
872 2197 935 2248 luit:
954 2197 998 2247 nel
1011 2213 1068 2248 oum
1083 2213 1111 2250 se
1123 2200 1249 2318 pauidum

138 2275 226 2316 eontra
239 2283 296 2316 mea
310 2267 395 2334 iurgia
407 2269 500 2317 iactat:
525 2265 675 2332 Progeniem
687 2265 734 2317 sed
749 2267 817 2316 enim
830 2267 941 2318 Troiano
955 2283 971 2316 a
984 2269 1108 2333 sangnine
1142 2269 1183 2317 noi
1197 2271 1250 2318 An-

138 2337 228 2387 dierat.
260 2335 370 2396 Quorum
396 2337 492 2386 similia
517 2337 587 2402 apud
606 2343 706 2387 ueteres
729 2335 841 2402 tragicos
863 2339 1025 2400 comicosque
1043 2346 1102 2386 aunt
1128 2337 1247 2402 plurima.

139 2406 206 2455 lllud
224 2415 248 2456 et
267 2407 292 2456 in
314 2406 496 2456 consuetudine
514 2406 650 2456 remansit:
676 2407 816 2454 enimuero.
852 2407 897 2454 His
913 2406 1023 2470 amplius
1038 2407 1108 2471 apud
1125 2406 1249 2456 eundem:

136 2490 195 2528 nam
209 2477 266 2537 qnia
280 2482 305 2525 te
318 2479 439 2526 iuuenum
453 2465 682 2525 confidentissime:
703 2488 752 2536 quo
767 2476 891 2524 sermonis
904 2475 1004 2524 initium
1017 2473 1057 2533 tn,
1076 2483 1114 2525 et:
1132 2483 1183 2525 tam
1197 2491 1251 2524 ma-

137 2546 177 2610 gis
200 2544 245 2593 illa
264 2553 374 2596 tremens
389 2553 413 2594 et
426 2544 541 2594 tristibus
554 2543 633 2593 effera
647 2543 770 2602 flamma,
796 2542 877 2601 Quam
898 2545 981 2608 magis
998 2543 1079 2592 effuso
1099 2545 1251 2594 crudescunt

138 2614 262 2678 sanguiue
276 2630 388 2680 pugnae.
423 2613 496 2672 Quod
511 2621 549 2662 est
562 2627 665 2661 uersum
679 2627 711 2662 ex
725 2611 785 2660 illo:
805 2627 895 2676 quarn
909 2614 1023 2678 magia'
1044 2629 1066 2662 e.
1081 2629 1106 2676 q.
1123 2629 1144 2662 a.
1166 2614 1251 2679 ‘pleni

138 2682 232 2732 talibus
247 2683 345 2746 antiqui
423 2699 455 2733 ex
470 2681 566 2732 Graeco
585 2695 646 2730 uero
660 2680 782 2730 translata
799 2681 841 2731 uel
855 2681 970 2731 Sallustii
991 2681 1120 2747 plurima!
1153 2683 1192 2732 Ex
1207 2697 1251 2732 ue-

138 2761 191 2800 tere
213 2753 347 2818 tragoedia
366 2751 412 2801 illa
431 2759 534 2816 sumpta
553 2766 609 2800 esse
631 2751 792 2800 coniecerunt
809 2751 905 2816 Regius
925 2759 950 2800 et
967 2752 1079 2800 Muretus
1097 2751 1158 2802 Var.
1179 2751 1249 2801 Leot.

139 2819 201 2870 XIX
213 2823 244 2878 2,
264 2821 370 2870 Medeae
384 2821 461 2872 menti
476 2821 611 2870 conuenire
624 2819 654 2869 0.
669 2819 826 2870 Ribbeokius
839 2821 966 2885 persensit
1034 2821 1067 2870 X.
1081 2820 1126 2871 XI.
1143 2820 1192 2878 XM
1210 2821 1252 2870 ci-

140 2904 197 2938 cero
218 2889 317 2940 denat.
341 2892 411 2940 deor.
439 2891 538 2949 11125,
559 2888 592 2940 65
618 2888 631 2954 (
638 2896 697 2955 post
717 2904 837 2955 magnam
856 2885 993 2954 lacunam)
1024 2891 1250 2954 ‘nequaquam’

141 2977 163 3008 e.
183 2975 208 3022 q.
227 2974 249 3010 e.
274 2957 345 3024 [304.
362 2957 652 3025 305]1‘quam0brem’
675 2958 727 3024 (sio
739 2956 768 3008 0.
785 2959 950 3008 Ribbeokius.
973 2959 1125 3010 aniobem
1146 2960 1200 3010 Pal.
1220 2961 1252 3010 ni

141 3027 249 3078 orbem
262 3029 340 3078 Vind.
356 3029 453 3080 niobe
465 3028 517 3078 Erl.
537 3027 637 3077 Niobe
651 3027 743 3094 uulgo,
768 3028 837 3091 quod
855 3029 899 3078 alii
919 3031 944 3079 in
963 3029 1074 3079 Medea
1092 3030 1251 3088 mutandum,

141 3097 185 3148 alii
199 3097 336 3149 delendum
350 3095 515 3162 censuerunt)
530 3099 667 3162 ‘parumne
680 3097 826 3148 ratiocinari
840 3099 941 3148 uidetur
953 3106 977 3148 et
989 3099 1039 3148 sibi
1055 3099 1113 3164 ipsa
1127 3099 1252 3148 nefariam

140 3175 238 3232 pestem
256 3167 418 3218 machinari?
444 3167 511 3217 Illud
530 3182 591 3216 uero
613 3182 689 3229 quam
708 3167 803 3217 callida
821 3167 931 3217 ratione!
953 3166 1011 3234 [Ml]
1037 3169 1081 3230 qui
1103 3175 1141 3216 eat
1162 3182 1254 3217 uersus

142 3238 253 3286 omnium
267 3237 405 3288 seminator
418 3237 553 3288 malorum.
571 3233 653 3302 [Xll].
687 3237 758 3286 Hane
769 3237 890 3287 uidelicet
904 3237 1042 3295 rationem,
1062 3251 1138 3299 quam
1152 3251 1198 3286 uos
1214 3237 1253 3286 di-

141 3307 200 3355 uino
213 3305 336 3356 beneflcio
353 3305 451 3358 homini
464 3307 547 3356 solum
560 3307 680 3356 tributam
695 3305 795 3365 dicitis,
821 3305 919 3355 bestiae
932 3319 982 3354 non
1001 3304 1103 3354 habeut.
1140 3307 1253 3356 Videsne

142 3377 233 3440 igitur,
253 3383 346 3438 quanto
365 3393 470 3427 munere
489 3377 595 3426 deornm
612 3376 693 3424 simus
716 3375 819 3425 affecti?
846 3376 929 3438 Atque
943 3375 1033 3425 eadem
1045 3375 1135 3424 Medea
1154 3384 1254 3440 patrem

141 3446 301 3510 patriamque
316 3445 433 3512 lugiens:
458 3453 626 3512 postquam
647 3452 741 3510 pater
761 3443 1018 3511 appropinquat’
1035 3457 1057 3494 e.
1075 3461 1100 3507 q.
1115 3459 1137 3494 s.
1175 3445 1255 3495 ‘Huic

186 3623 239 3676 304
261 3619 330 3672 istnc
348 3620 417 3675 istae
430 3619 522 3690 uttlpo.
541 3617 616 3674 istud
632 3619 702 3674 istae
718 3619 781 3672 Erl.
803 3619 873 3674 istuc
891 3619 943 3673 ista
959 3617 1034 3672 need.
1057 3616 1137 3674 Vino.
1156 3633 1192 3672 m.
1205 3635 1253 3690 pr.

145 3703 214 3757 istuc
234 3701 341 3758 isthaec
364 3703 444 3759 Vind.
466 3705 495 3758 in
511 3720 564 3775 nep.
651 3702 794 3756 Lucanum
805 3708 872 3774 post
885 3705 938 3760 304
956 3703 1119 3773 sa'ynifioouit
1139 3702 1169 3758 0.
1187 3702 1254 3759 ltet-

145 3806 255 3864 necatas
345 3809 397 3866 306
419 3806 466 3878 qui
486 3789 544 3863 th
570 3805 649 3863 Vind.
673 3806 719 3878 qui
734 3787 792 3884 u'plt
806 3807 882 3862 neta
905 3806 950 3880 qui
972 3805 1105 3863 uultErl.
1191 3821 1256 3862 esse

144 3928 195 3970 om.
208 3913 272 3970 Eri.
359 3909 434 3985 quod
451 3893 510 3988 uMl
527 3913 608 3969 Van.
619 3912 695 3968 Leia
711 3911 788 3983 quod
803 3916 861 3970 uult
875 3913 936 3970 Erl.
1024 3909 1072 3967 dat
1086 3927 1117 3968 se
1134 3927 1180 3966 res
1195 3907 1258 3965 libra·

145 4012 205 4054 oum
215 3997 293 4056 Leid.
309 3998 376 4055 dant
386 4013 424 4054 'se
440 4013 486 4054 res
501 3997 527 4052 ei
545 3997 575 4053 0.
589 3995 754 4054 annectas
839 3999 890 4059 307
911 3999 957 4052 ille
973 4003 1102 4052 trauersa
1116 3995 1193 4052 Leia.
1210 3996 1255 4049 ille

146 4085 285 4170 tra¹¹fuersa
313 4103 394 4160 Vino.
419 4104 467 4157 illo
489 4119 590 4160 euersa
607 4101 670 4160 Erl.
690 4104 736 4157 ille
757 4108 920 4158 transuersa
938 4102 1020 4174 uulpo
1110 4101 1149 4154 mi
1170 4099 1260 4180 hodie

147 4189 285 4246 osanam.
305 4188 373 4244 mihi
393 4186 479 4244 hodie
501 4189 583 4260 aulon
673 4191 727 4246 308
754 4189 912 4258 pennitiem
933 4189 1005 4242 coni.
1029 4184 1060 4241 0.
1083 4182 1256 4253 Riohooltiua

145 4273 182 4346 os.
196 4274 251 4330 Au.
265 4279 337 4342 434,
365 4273 398 4330 A.
413 4271 538 4330 [foedius
551 4271 658 4328 Exere·
677 4273 738 4327 eat
756 4288 789 4342 p.
805 4277 878 4344 usq.
902 4265 1043 4350 perniffem
1065 4271 1142 4328 teta
1164 4269 1257 4340 perni-

149 4359 219 4413 ciem
233 4361 318 4414 ceteri

188 4459 301 4515 Ennius.
1027 4449 1049 4510 9
