<?xml version="1.0" encoding="UTF-8"?>
<!DOCTYPE html PUBLIC "-//W3C//DTD XHTML 1.0 Transitional//EN"
    "http://www.w3.org/TR/xhtml1/DTD/xhtml1-transitional.dtd">
<html xmlns="http://www.w3.org/1999/xhtml" xml:lang="en" lang="en">
 <head>
  <title>
</title>
<meta http-equiv="Content-Type" content="text/html;charset=utf-8" />
  <meta name='ocr-system' content='tesseract 3.04.00' />
  <meta name='ocr-capabilities' content='ocr_page ocr_carea ocr_par ocr_line ocrx_word'/>
</head>
<body>
  <div class='ocr_page' id='page_1' title='image "./ennianaepoesisr01ennigoog_0129.png"; bbox 0 0 3142 5048; ppageno 0'>
   <div class='ocr_carea' id='block_1_1' title="bbox 11 4159 17 4200">
    <p class='ocr_par' dir='ltr' id='par_1_1' title="bbox 11 4159 17 4200">
     <span class='ocr_line' id='line_1_1' title="bbox 11 4159 17 4200; baseline 0 0"><span class='ocrx_word' id='word_1_1' title='bbox 11 4159 17 4200; x_wconf 74' lang='lat' dir='ltr'>i</span> 
     </span>
    </p>
   </div>
   <div class='ocr_carea' id='block_1_2' title="bbox 652 404 893 473">
    <p class='ocr_par' dir='ltr' id='par_1_2' title="bbox 652 404 893 473">
     <span class='ocr_line' id='line_1_2' title="bbox 652 404 893 473; baseline -0.008 -11"><span class='ocrx_word' id='word_1_2' title='bbox 652 404 893 473; x_wconf 80' lang='lat' dir='ltr'><strong>RELIQVIAE</strong></span> 
     </span>
    </p>
   </div>
   <div class='ocr_carea' id='block_1_3' title="bbox 318 569 1243 785">
    <p class='ocr_par' dir='ltr' id='par_1_3' title="bbox 318 569 1243 785">
     <span class='ocr_line' id='line_1_3' title="bbox 709 569 1229 642; baseline -0.008 0"><span class='ocrx_word' id='word_1_3' title='bbox 709 569 832 642; x_wconf 67' lang='grc' dir='ltr'>ΧΨ*</span> <span class='ocrx_word' id='word_1_4' title='bbox 1214 584 1229 622; x_wconf 71' lang='lat'>⁸</span> 
     </span>
     <span class='ocr_line' id='line_1_4' title="bbox 318 688 1243 785; baseline -0.006 -25"><span class='ocrx_word' id='word_1_5' title='bbox 318 690 460 784; x_wconf 81' lang='lat' dir='ltr'>Vosque</span> <span class='ocrx_word' id='word_1_6' title='bbox 479 693 565 764; x_wconf 82' lang='lat' dir='ltr'>lares</span> <span class='ocrx_word' id='word_1_7' title='bbox 585 696 707 764; x_wconf 84' lang='lat' dir='ltr'>tectum</span> <span class='ocrx_word' id='word_1_8' title='bbox 727 714 848 763; x_wconf 88' lang='lat' dir='ltr'>nomen</span> <span class='ocrx_word' id='word_1_9' title='bbox 872 692 928 785; x_wconf 91' lang='lat' dir='ltr'>qui</span> <span class='ocrx_word' id='word_1_10' title='bbox 949 689 1098 761; x_wconf 80' lang='lat' dir='ltr'>funditus</span> <span class='ocrx_word' id='word_1_11' title='bbox 1118 688 1243 757; x_wconf 84' lang='lat' dir='ltr'>curant.</span> 
     </span>
    </p>
   </div>
   <div class='ocr_carea' id='block_1_4' title="bbox 652 993 884 1096">
    <p class='ocr_par' dir='ltr' id='par_1_4' title="bbox 652 993 884 1096">
     <span class='ocr_line' id='line_1_5' title="bbox 652 993 884 1096; baseline -0.004 -22"><span class='ocrx_word' id='word_1_12' title='bbox 652 993 808 1096; x_wconf 75' lang='lat' dir='ltr'>trouu</span> <span class='ocrx_word' id='word_1_13' title='bbox 840 993 884 1074; x_wconf 84' lang='lat' dir='ltr'>rr</span> 
     </span>
    </p>
   </div>
   <div class='ocr_carea' id='block_1_5' title="bbox 230 1198 1173 1666">
    <p class='ocr_par' dir='ltr' id='par_1_5' title="bbox 230 1198 1173 1666">
     <span class='ocr_line' id='line_1_6' title="bbox 749 1198 794 1269; baseline 0 -33"><span class='ocrx_word' id='word_1_14' title='bbox 749 1201 762 1269; x_wconf 72' lang='grc' dir='ltr'>Ι</span> <span class='ocrx_word' id='word_1_15' title='bbox 777 1198 794 1236; x_wconf 73' lang='grc'><em>*</em></span> 
     </span>
     <span class='ocr_line' id='line_1_7' title="bbox 317 1299 1173 1389; baseline -0.005 -5"><span class='ocrx_word' id='word_1_16' title='bbox 317 1315 378 1384; x_wconf 88' lang='lat' dir='ltr'>Hic</span> <span class='ocrx_word' id='word_1_17' title='bbox 400 1337 540 1386; x_wconf 85' lang='lat' dir='ltr'>occasus</span> <span class='ocrx_word' id='word_1_18' title='bbox 561 1319 688 1388; x_wconf 82' lang='lat' dir='ltr'>datust:</span> <span class='ocrx_word' id='word_1_19' title='bbox 716 1323 749 1388; x_wconf 84' lang='lat' dir='ltr'>at</span> <span class='ocrx_word' id='word_1_20' title='bbox 767 1317 901 1389; x_wconf 83' lang='lat' dir='ltr'>Oratius</span> <span class='ocrx_word' id='word_1_21' title='bbox 924 1299 1066 1386; x_wconf 76' lang='lat' dir='ltr'>inclutus</span> <span class='ocrx_word' id='word_1_22' title='bbox 1088 1311 1173 1382; x_wconf 85' lang='lat' dir='ltr'>saltu</span> 
     </span>
     <span class='ocr_line' id='line_1_8' title="bbox 739 1453 796 1524; baseline 0 -34"><span class='ocrx_word' id='word_1_23' title='bbox 739 1454 767 1524; x_wconf 80' lang='lat' dir='ltr'>H</span> <span class='ocrx_word' id='word_1_24' title='bbox 780 1453 796 1490; x_wconf 69' lang='lat' dir='ltr'>ss</span> 
     </span>
     <span class='ocr_line' id='line_1_9' title="bbox 230 1519 1131 1666; baseline -0.002 -28"><span class='ocrx_word' id='word_1_25' title='bbox 230 1577 289 1639; x_wconf 88' lang='lat'>165</span> <span class='ocrx_word' id='word_1_26' title='bbox 318 1569 363 1638; x_wconf 82' lang='lat' dir='ltr'>At</span> <span class='ocrx_word' id='word_1_27' title='bbox 382 1593 475 1657; x_wconf 86' lang='lat' dir='ltr'>sese,</span> <span class='ocrx_word' id='word_1_28' title='bbox 504 1594 576 1642; x_wconf 88' lang='lat' dir='ltr'>sum</span> <span class='ocrx_word' id='word_1_29' title='bbox 599 1519 684 1666; x_wconf 65' lang='lat' dir='ltr'>duae</span> <span class='ocrx_word' id='word_1_30' title='bbox 702 1572 828 1642; x_wconf 81' lang='lat' dir='ltr'>dederit</span> <span class='ocrx_word' id='word_1_31' title='bbox 846 1572 878 1640; x_wconf 90' lang='lat' dir='ltr'>in</span> <span class='ocrx_word' id='word_1_32' title='bbox 900 1568 1030 1640; x_wconf 87' lang='lat' dir='ltr'>luminis</span> <span class='ocrx_word' id='word_1_33' title='bbox 1054 1589 1131 1639; x_wconf 87' lang='lat' dir='ltr'>oras</span> 
     </span>
    </p>
   </div>
   <div class='ocr_carea' id='block_1_6' title="bbox 316 1705 1179 1918">
    <p class='ocr_par' dir='ltr' id='par_1_6' title="bbox 316 1705 1179 1918">
     <span class='ocr_line' id='line_1_10' title="bbox 733 1705 804 1777; baseline -0.014 0"><span class='ocrx_word' id='word_1_34' title='bbox 733 1707 775 1777; x_wconf 87' lang='lat'>111</span> <span class='ocrx_word' id='word_1_35' title='bbox 788 1705 804 1742; x_wconf 87' lang='lat'>*</span> 
     </span>
     <span class='ocr_line' id='line_1_11' title="bbox 316 1822 1179 1918; baseline -0.005 -26"><span class='ocrx_word' id='word_1_36' title='bbox 316 1876 636 1896; x_wconf 89' lang='grc'><strong>......</strong></span> <span class='ocrx_word' id='word_1_37' title='bbox 689 1824 873 1896; x_wconf 89' lang='lat' dir='ltr'>Vulsculus</span> <span class='ocrx_word' id='word_1_38' title='bbox 894 1823 1034 1918; x_wconf 87' lang='lat' dir='ltr'>perdidit</span> <span class='ocrx_word' id='word_1_39' title='bbox 1051 1822 1179 1892; x_wconf 85' lang='lat' dir='ltr'>Anxur.</span> 
     </span>
    </p>
   </div>
   <div class='ocr_carea' id='block_1_7' title="bbox 316 1961 1088 2163">
    <p class='ocr_par' dir='ltr' id='par_1_7' title="bbox 316 1961 1088 2163">
     <span class='ocr_line' id='line_1_12' title="bbox 728 1961 806 2031; baseline 0 0"><span class='ocrx_word' id='word_1_40' title='bbox 728 1962 775 2031; x_wconf 94' lang='lat' dir='ltr'>lV</span> <span class='ocrx_word' id='word_1_41' title='bbox 790 1961 806 1996; x_wconf 85' lang='grc'>*</span> 
     </span>
     <span class='ocr_line' id='line_1_13' title="bbox 316 2078 1088 2163; baseline 0.001 -18"><span class='ocrx_word' id='word_1_42' title='bbox 316 2129 323 2146; x_wconf 94' lang='grc'><strong>.</strong></span> <span class='ocrx_word' id='word_1_43' title='bbox 378 2078 475 2147; x_wconf 89' lang='lat' dir='ltr'>nonis</span> <span class='ocrx_word' id='word_1_44' title='bbox 499 2079 587 2150; x_wconf 90' lang='lat' dir='ltr'>lunis</span> <span class='ocrx_word' id='word_1_45' title='bbox 609 2080 672 2150; x_wconf 90' lang='lat' dir='ltr'>soli</span> <span class='ocrx_word' id='word_1_46' title='bbox 694 2081 773 2152; x_wconf 86' lang='lat' dir='ltr'>luna</span> <span class='ocrx_word' id='word_1_47' title='bbox 795 2079 936 2163; x_wconf 82' lang='lat' dir='ltr'>obstitit,</span> <span class='ocrx_word' id='word_1_48' title='bbox 964 2081 996 2148; x_wconf 85' lang='lat' dir='ltr'>et</span> <span class='ocrx_word' id='word_1_49' title='bbox 1018 2097 1088 2146; x_wconf 84' lang='lat' dir='ltr'>nox</span> 
     </span>
    </p>
   </div>
   <div class='ocr_carea' id='block_1_8' title="bbox 314 2313 1076 2406">
    <p class='ocr_par' dir='ltr' id='par_1_8' title="bbox 314 2313 1076 2406">
     <span class='ocr_line' id='line_1_14' title="bbox 314 2313 1076 2406; baseline 0 -25"><span class='ocrx_word' id='word_1_50' title='bbox 314 2313 453 2382; x_wconf 87' lang='lat' dir='ltr'>Romani</span> <span class='ocrx_word' id='word_1_51' title='bbox 477 2315 576 2386; x_wconf 86' lang='lat' dir='ltr'>scalis</span> <span class='ocrx_word' id='word_1_52' title='bbox 596 2338 725 2388; x_wconf 87' lang='lat' dir='ltr'>summa</span> <span class='ocrx_word' id='word_1_53' title='bbox 742 2319 891 2388; x_wconf 82' lang='lat' dir='ltr'>nituntur</span> <span class='ocrx_word' id='word_1_54' title='bbox 912 2337 1012 2406; x_wconf 86' lang='lat' dir='ltr'>opum</span> <span class='ocrx_word' id='word_1_55' title='bbox 1033 2313 1076 2382; x_wconf 94' lang='lat' dir='ltr'>ui.</span> 
     </span>
    </p>
   </div>
   <div class='ocr_carea' id='block_1_9' title="bbox 211 2504 1324 2720">
    <p class='ocr_par' dir='ltr' id='par_1_9' title="bbox 211 2504 1324 2720">
     <span class='ocr_line' id='line_1_15' title="bbox 211 2504 1324 2580; baseline -0.004 -18"><span class='ocrx_word' id='word_1_56' title='bbox 211 2514 313 2562; x_wconf 87' lang='lat' dir='ltr'>tertio</span> <span class='ocrx_word' id='word_1_57' title='bbox 386 2515 651 2580; x_wconf 85' lang='lat' dir='ltr'>aptumom.Par.)</span> <span class='ocrx_word' id='word_1_58' title='bbox 721 2519 769 2568; x_wconf 88' lang='lat' dir='ltr'>XV</span> <span class='ocrx_word' id='word_1_59' title='bbox 795 2517 926 2568; x_wconf 84' lang='lat' dir='ltr'>Charisius</span> <span class='ocrx_word' id='word_1_60' title='bbox 941 2517 976 2564; x_wconf 93' lang='lat' dir='ltr'>lV</span> <span class='ocrx_word' id='word_1_61' title='bbox 991 2531 1016 2580; x_wconf 92' lang='lat' dir='ltr'>p.</span> <span class='ocrx_word' id='word_1_62' title='bbox 1034 2511 1085 2564; x_wconf 69' lang='lat'>239</span> <span class='ocrx_word' id='word_1_63' title='bbox 1098 2513 1126 2561; x_wconf 90' lang='lat' dir='ltr'>P.</span> <span class='ocrx_word' id='word_1_64' title='bbox 1154 2509 1220 2574; x_wconf 81' lang='grc'>(158</span> <span class='ocrx_word' id='word_1_65' title='bbox 1233 2504 1324 2572; x_wconf 82' lang='lat' dir='ltr'>Lind&#39;.)</span> 
     </span>
     <span class='ocr_line' id='line_1_16' title="bbox 212 2580 1324 2651; baseline -0.001 -20"><span class='ocrx_word' id='word_1_66' title='bbox 212 2581 410 2645; x_wconf 79' lang='lat' dir='ltr'>(soloecismus)</span> <span class='ocrx_word' id='word_1_67' title='bbox 437 2585 500 2648; x_wconf 87' lang='lat' dir='ltr'>‘per</span> <span class='ocrx_word' id='word_1_68' title='bbox 519 2600 658 2650; x_wconf 78' lang='lat' dir='ltr'>personae,</span> <span class='ocrx_word' id='word_1_69' title='bbox 685 2595 725 2636; x_wconf 90' lang='lat' dir='ltr'>ut:</span> <span class='ocrx_word' id='word_1_70' title='bbox 752 2589 862 2651; x_wconf 83' lang='lat' dir='ltr'>uosque&#39;</span> <span class='ocrx_word' id='word_1_71' title='bbox 889 2603 911 2636; x_wconf 85' lang='lat' dir='ltr'>e.</span> <span class='ocrx_word' id='word_1_72' title='bbox 928 2602 952 2648; x_wconf 90' lang='lat' dir='ltr'>q.</span> <span class='ocrx_word' id='word_1_73' title='bbox 967 2600 989 2633; x_wconf 89' lang='lat' dir='ltr'>s.</span> <span class='ocrx_word' id='word_1_74' title='bbox 1015 2588 1076 2650; x_wconf 90' lang='lat' dir='ltr'>‘pro</span> <span class='ocrx_word' id='word_1_75' title='bbox 1097 2581 1208 2631; x_wconf 68' lang='lat' dir='ltr'>curuis)</span> <span class='ocrx_word' id='word_1_76' title='bbox 1242 2580 1324 2628; x_wconf 74' lang='lat' dir='ltr'>annio</span> 
     </span>
     <span class='ocr_line' id='line_1_17' title="bbox 212 2651 801 2720; baseline 0.01 -20"><span class='ocrx_word' id='word_1_77' title='bbox 212 2653 243 2700; x_wconf 83' lang='grc' dir='ltr'>Α.</span> <span class='ocrx_word' id='word_1_78' title='bbox 258 2651 369 2701; x_wconf 86' lang='lat' dir='ltr'>Kochius</span> <span class='ocrx_word' id='word_1_79' title='bbox 387 2654 478 2703; x_wconf 85' lang='lat' dir='ltr'>Exerc.</span> <span class='ocrx_word' id='word_1_80' title='bbox 494 2655 550 2704; x_wconf 91' lang='lat' dir='ltr'>crit.</span> <span class='ocrx_word' id='word_1_81' title='bbox 566 2670 593 2720; x_wconf 90' lang='lat' dir='ltr'>p.</span> <span class='ocrx_word' id='word_1_82' title='bbox 612 2655 641 2706; x_wconf 92' lang='lat' dir='ltr'>ll</span> <span class='ocrx_word' id='word_1_83' title='bbox 658 2658 801 2707; x_wconf 85' lang='lat' dir='ltr'>uindicauit</span> 
     </span>
    </p>
   </div>
   <div class='ocr_carea' id='block_1_10' title="bbox 210 2751 1326 3512">
    <p class='ocr_par' dir='ltr' id='par_1_10' title="bbox 212 2751 1324 2964">
     <span class='ocr_line' id='line_1_18' title="bbox 245 2751 1324 2822; baseline 0.003 -21"><span class='ocrx_word' id='word_1_84' title='bbox 245 2754 332 2802; x_wconf 78' lang='lat' dir='ltr'>Lrsnn</span> <span class='ocrx_word' id='word_1_85' title='bbox 350 2755 386 2802; x_wconf 90' lang='lat' dir='ltr'>IV</span> <span class='ocrx_word' id='word_1_86' title='bbox 421 2755 540 2806; x_wconf 85' lang='lat' dir='ltr'>IFestus</span> <span class='ocrx_word' id='word_1_87' title='bbox 560 2773 586 2822; x_wconf 91' lang='lat' dir='ltr'>p.</span> <span class='ocrx_word' id='word_1_88' title='bbox 601 2757 651 2808; x_wconf 85' lang='grc'>178</span> <span class='ocrx_word' id='word_1_89' title='bbox 664 2759 698 2808; x_wconf 91' lang='grc' dir='ltr'>Μ.</span> <span class='ocrx_word' id='word_1_90' title='bbox 727 2762 892 2818; x_wconf 86' lang='lat' dir='ltr'>‘occasus,</span> <span class='ocrx_word' id='word_1_91' title='bbox 918 2757 1035 2806; x_wconf 86' lang='lat' dir='ltr'>interitus</span> <span class='ocrx_word' id='word_1_92' title='bbox 1134 2767 1182 2816; x_wconf 87' lang='lat' dir='ltr'>quo</span> <span class='ocrx_word' id='word_1_93' title='bbox 1199 2751 1324 2802; x_wconf 86' lang='lat' dir='ltr'>uocabulo</span> 
     </span>
     <span class='ocr_line' id='line_1_19' title="bbox 212 2821 1324 2887; baseline 0.002 -17"><span class='ocrx_word' id='word_1_94' title='bbox 212 2824 309 2871; x_wconf 88' lang='lat' dir='ltr'>Ennius</span> <span class='ocrx_word' id='word_1_95' title='bbox 327 2837 373 2887; x_wconf 91' lang='lat' dir='ltr'>pro</span> <span class='ocrx_word' id='word_1_96' title='bbox 393 2826 527 2874; x_wconf 78' lang='lat' dir='ltr'>occasione</span> <span class='ocrx_word' id='word_1_97' title='bbox 542 2835 580 2876; x_wconf 85' lang='lat' dir='ltr'>est</span> <span class='ocrx_word' id='word_1_98' title='bbox 594 2843 655 2877; x_wconf 88' lang='lat' dir='ltr'>usus</span> <span class='ocrx_word' id='word_1_99' title='bbox 671 2829 696 2876; x_wconf 89' lang='lat' dir='ltr'>in</span> <span class='ocrx_word' id='word_1_100' title='bbox 711 2828 757 2877; x_wconf 90' lang='lat' dir='ltr'>lib.</span> <span class='ocrx_word' id='word_1_101' title='bbox 773 2830 796 2876; x_wconf 90' lang='grc' dir='ltr'>ΙΙ</span> <span class='ocrx_word' id='word_1_102' title='bbox 813 2829 867 2878; x_wconf 90' lang='grc'>...’</span> <span class='ocrx_word' id='word_1_103' title='bbox 939 2827 962 2874; x_wconf 90' lang='lat' dir='ltr'>ll</span> <span class='ocrx_word' id='word_1_104' title='bbox 982 2825 1072 2874; x_wconf 84' lang='lat' dir='ltr'>Festus</span> <span class='ocrx_word' id='word_1_105' title='bbox 1085 2837 1111 2887; x_wconf 90' lang='lat' dir='ltr'>p.</span> <span class='ocrx_word' id='word_1_106' title='bbox 1126 2821 1177 2872; x_wconf 81' lang='lat'>298</span> <span class='ocrx_word' id='word_1_107' title='bbox 1186 2821 1220 2870; x_wconf 89' lang='lat' dir='ltr'>M.</span> <span class='ocrx_word' id='word_1_108' title='bbox 1241 2826 1324 2871; x_wconf 89' lang='lat' dir='ltr'>‘sum</span> 
     </span>
     <span class='ocr_line' id='line_1_20' title="bbox 212 2891 1324 2964; baseline 0.002 -26"><span class='ocrx_word' id='word_1_109' title='bbox 212 2905 258 2957; x_wconf 91' lang='lat' dir='ltr'>pro</span> <span class='ocrx_word' id='word_1_110' title='bbox 274 2907 331 2939; x_wconf 87' lang='lat' dir='ltr'>eum</span> <span class='ocrx_word' id='word_1_111' title='bbox 346 2907 408 2940; x_wconf 89' lang='lat' dir='ltr'>usus</span> <span class='ocrx_word' id='word_1_112' title='bbox 427 2901 465 2942; x_wconf 85' lang='lat' dir='ltr'>est</span> <span class='ocrx_word' id='word_1_113' title='bbox 478 2893 574 2944; x_wconf 76' lang='lat' dir='ltr'>Ennius</span> <span class='ocrx_word' id='word_1_114' title='bbox 589 2897 616 2946; x_wconf 89' lang='lat' dir='ltr'>ti.</span> <span class='ocrx_word' id='word_1_115' title='bbox 632 2898 659 2946; x_wconf 86' lang='lat'>1:</span> <span class='ocrx_word' id='word_1_116' title='bbox 681 2896 760 2964; x_wconf 84' lang='lat' dir='ltr'>[LIX]</span> <span class='ocrx_word' id='word_1_117' title='bbox 780 2905 804 2946; x_wconf 90' lang='lat' dir='ltr'>et</span> <span class='ocrx_word' id='word_1_118' title='bbox 819 2898 871 2946; x_wconf 88' lang='lat'><em>1.11</em></span> <span class='ocrx_word' id='word_1_119' title='bbox 887 2896 939 2943; x_wconf 91' lang='grc'>...’</span> <span class='ocrx_word' id='word_1_120' title='bbox 974 2895 1029 2943; x_wconf 88' lang='lat' dir='ltr'>Huc</span> <span class='ocrx_word' id='word_1_121' title='bbox 1043 2892 1137 2942; x_wconf 89' lang='lat' dir='ltr'>rettulit</span> <span class='ocrx_word' id='word_1_122' title='bbox 1150 2893 1181 2940; x_wconf 89' lang='lat' dir='ltr'>H.</span> <span class='ocrx_word' id='word_1_123' title='bbox 1198 2891 1324 2957; x_wconf 81' lang='lat' dir='ltr'>Ilbergius</span> 
     </span>
    </p>

    <p class='ocr_par' dir='ltr' id='par_1_11' title="bbox 210 2961 1326 3512">
     <span class='ocr_line' id='line_1_21' title="bbox 281 2961 1324 3030; baseline 0.001 -22"><span class='ocrx_word' id='word_1_124' title='bbox 281 2961 315 3008; x_wconf 83' lang='lat'>111</span> <span class='ocrx_word' id='word_1_125' title='bbox 334 2961 428 3011; x_wconf 86' lang='lat' dir='ltr'>Paulus</span> <span class='ocrx_word' id='word_1_126' title='bbox 443 2963 510 3012; x_wconf 82' lang='lat' dir='ltr'>Festi</span> <span class='ocrx_word' id='word_1_127' title='bbox 525 2980 551 3030; x_wconf 93' lang='lat' dir='ltr'>p.</span> <span class='ocrx_word' id='word_1_128' title='bbox 564 2966 641 3015; x_wconf 71' lang='grc'>2211.</span> <span class='ocrx_word' id='word_1_129' title='bbox 669 2967 954 3022; x_wconf 71' lang='lat' dir='ltr'>‘Anxuruocabutur</span> <span class='ocrx_word' id='word_1_130' title='bbox 972 2979 1037 3026; x_wconf 90' lang='lat' dir='ltr'>quae</span> <span class='ocrx_word' id='word_1_131' title='bbox 1053 2977 1121 3010; x_wconf 87' lang='lat' dir='ltr'>nunc</span> <span class='ocrx_word' id='word_1_132' title='bbox 1133 2962 1271 3010; x_wconf 81' lang='lat' dir='ltr'><strong>Terracina</strong></span> <span class='ocrx_word' id='word_1_133' title='bbox 1285 2961 1324 3011; x_wconf 88' lang='lat' dir='ltr'>di-</span> 
     </span>
     <span class='ocr_line' id='line_1_22' title="bbox 211 3030 1323 3097; baseline 0.007 -19"><span class='ocrx_word' id='word_1_134' title='bbox 211 3030 276 3078; x_wconf 88' lang='lat' dir='ltr'>citur</span> <span class='ocrx_word' id='word_1_135' title='bbox 290 3031 400 3080; x_wconf 80' lang='lat' dir='ltr'>Volscae</span> <span class='ocrx_word' id='word_1_136' title='bbox 419 3034 515 3097; x_wconf 79' lang='lat' dir='ltr'>gentis,</span> <span class='ocrx_word' id='word_1_137' title='bbox 543 3035 608 3084; x_wconf 90' lang='lat' dir='ltr'>sicut</span> <span class='ocrx_word' id='word_1_138' title='bbox 630 3036 665 3084; x_wconf 91' lang='lat' dir='ltr'>ait</span> <span class='ocrx_word' id='word_1_139' title='bbox 687 3037 797 3085; x_wconf 86' lang='lat' dir='ltr'>Ennius:</span> <span class='ocrx_word' id='word_1_140' title='bbox 818 3034 969 3085; x_wconf 86' lang='lat' dir='ltr'>Vuisculus&#39;</span> <span class='ocrx_word' id='word_1_141' title='bbox 997 3050 1019 3082; x_wconf 87' lang='lat' dir='ltr'>e.</span> <span class='ocrx_word' id='word_1_142' title='bbox 1041 3047 1066 3094; x_wconf 86' lang='lat' dir='ltr'>q.</span> <span class='ocrx_word' id='word_1_143' title='bbox 1088 3046 1109 3079; x_wconf 78' lang='lat' dir='ltr'>s·</span> <span class='ocrx_word' id='word_1_144' title='bbox 1149 3031 1203 3080; x_wconf 80' lang='lat' dir='ltr'>Huc</span> <span class='ocrx_word' id='word_1_145' title='bbox 1221 3030 1323 3079; x_wconf 69' lang='lat' dir='ltr'>ascribit</span> 
     </span>
     <span class='ocr_line' id='line_1_23' title="bbox 211 3099 1325 3170; baseline 0 -22"><span class='ocrx_word' id='word_1_146' title='bbox 211 3099 308 3149; x_wconf 82' lang='lat' dir='ltr'>Merula</span> <span class='ocrx_word' id='word_1_147' title='bbox 380 3102 413 3150; x_wconf 84' lang='lat' dir='ltr'>IV</span> <span class='ocrx_word' id='word_1_148' title='bbox 433 3101 520 3152; x_wconf 84' lang='lat' dir='ltr'>Cicero</span> <span class='ocrx_word' id='word_1_149' title='bbox 537 3104 569 3154; x_wconf 90' lang='lat' dir='ltr'>de</span> <span class='ocrx_word' id='word_1_150' title='bbox 583 3119 611 3153; x_wconf 87' lang='lat' dir='ltr'>ro</span> <span class='ocrx_word' id='word_1_151' title='bbox 628 3121 653 3170; x_wconf 93' lang='lat' dir='ltr'>p.</span> <span class='ocrx_word' id='word_1_152' title='bbox 676 3106 686 3152; x_wconf 93' lang='grc' dir='ltr'>Ι</span> <span class='ocrx_word' id='word_1_153' title='bbox 703 3105 745 3163; x_wconf 82' lang='grc'>16,</span> <span class='ocrx_word' id='word_1_154' title='bbox 761 3107 795 3156; x_wconf 77' lang='lat'>25</span> <span class='ocrx_word' id='word_1_155' title='bbox 815 3107 865 3160; x_wconf 83' lang='lat' dir='ltr'>‘id</span> <span class='ocrx_word' id='word_1_156' title='bbox 882 3111 965 3154; x_wconf 81' lang='lat' dir='ltr'>sutem</span> <span class='ocrx_word' id='word_1_157' title='bbox 985 3109 1076 3168; x_wconf 85' lang='lat' dir='ltr'>postea</span> <span class='ocrx_word' id='word_1_158' title='bbox 1093 3115 1125 3149; x_wconf 85' lang='lat' dir='ltr'>ne</span> <span class='ocrx_word' id='word_1_159' title='bbox 1141 3107 1254 3148; x_wconf 85' lang='lat' dir='ltr'>nostrum</span> <span class='ocrx_word' id='word_1_160' title='bbox 1269 3101 1325 3160; x_wconf 89' lang='lat' dir='ltr'>qui-</span> 
     </span>
     <span class='ocr_line' id='line_1_24' title="bbox 210 3168 1326 3240; baseline -0.001 -23"><span class='ocrx_word' id='word_1_161' title='bbox 210 3169 269 3218; x_wconf 85' lang='lat' dir='ltr'>dem</span> <span class='ocrx_word' id='word_1_162' title='bbox 286 3169 396 3219; x_wconf 87' lang='lat' dir='ltr'>Ennium</span> <span class='ocrx_word' id='word_1_163' title='bbox 418 3171 501 3237; x_wconf 82' lang='lat' dir='ltr'>fugit,</span> <span class='ocrx_word' id='word_1_164' title='bbox 528 3175 572 3234; x_wconf 91' lang='lat' dir='ltr'>qui</span> <span class='ocrx_word' id='word_1_165' title='bbox 595 3180 622 3221; x_wconf 89' lang='lat' dir='ltr'>ut</span> <span class='ocrx_word' id='word_1_166' title='bbox 642 3174 732 3222; x_wconf 83' lang='lat' dir='ltr'>scribit</span> <span class='ocrx_word' id='word_1_167' title='bbox 753 3189 819 3224; x_wconf 88' lang='lat' dir='ltr'>anno</span> <span class='ocrx_word' id='word_1_168' title='bbox 847 3172 1059 3237; x_wconf 82' lang='lat' dir='ltr'>quinquagesimo</span> <span class='ocrx_word' id='word_1_169' title='bbox 1086 3168 1163 3218; x_wconf 83' lang='lat' dir='ltr'><strong>·GCC·</strong></span> <span class='ocrx_word' id='word_1_170' title='bbox 1190 3168 1245 3217; x_wconf 85' lang='lat' dir='ltr'>fere</span> <span class='ocrx_word' id='word_1_171' title='bbox 1267 3176 1326 3240; x_wconf 86' lang='lat' dir='ltr'>post</span> 
     </span>
     <span class='ocr_line' id='line_1_25' title="bbox 210 3238 1324 3307; baseline -0.002 -19"><span class='ocrx_word' id='word_1_172' title='bbox 210 3239 317 3288; x_wconf 83' lang='lat' dir='ltr'>Romam</span> <span class='ocrx_word' id='word_1_173' title='bbox 332 3240 461 3290; x_wconf 85' lang='lat' dir='ltr'>conditam</span> <span class='ocrx_word' id='word_1_174' title='bbox 476 3256 515 3291; x_wconf 93' lang='lat' dir='ltr'>no</span> <span class='ocrx_word' id='word_1_175' title='bbox 525 3257 549 3290; x_wconf 90' lang='lat' dir='ltr'>u.</span> <span class='ocrx_word' id='word_1_176' title='bbox 567 3242 673 3292; x_wconf 87' lang='lat' dir='ltr'>lunis&#39;</span> <span class='ocrx_word' id='word_1_177' title='bbox 694 3259 716 3292; x_wconf 89' lang='lat' dir='ltr'>e.</span> <span class='ocrx_word' id='word_1_178' title='bbox 731 3259 757 3304; x_wconf 90' lang='lat' dir='ltr'>q.</span> <span class='ocrx_word' id='word_1_179' title='bbox 770 3259 791 3292; x_wconf 94' lang='lat' dir='ltr'>s.</span> <span class='ocrx_word' id='word_1_180' title='bbox 829 3244 927 3307; x_wconf 88' lang='lat' dir='ltr'>‘adque</span> <span class='ocrx_word' id='word_1_181' title='bbox 939 3242 988 3290; x_wconf 89' lang='lat' dir='ltr'>hac</span> <span class='ocrx_word' id='word_1_182' title='bbox 1008 3241 1035 3288; x_wconf 90' lang='lat' dir='ltr'>in</span> <span class='ocrx_word' id='word_1_183' title='bbox 1050 3252 1078 3286; x_wconf 82' lang='lat' dir='ltr'>ru</span> <span class='ocrx_word' id='word_1_184' title='bbox 1093 3245 1163 3286; x_wconf 85' lang='lat' dir='ltr'>tanta</span> <span class='ocrx_word' id='word_1_185' title='bbox 1176 3238 1242 3286; x_wconf 85' lang='lat' dir='ltr'>inest</span> <span class='ocrx_word' id='word_1_186' title='bbox 1260 3239 1324 3286; x_wconf 87' lang='lat' dir='ltr'>ratio</span> 
     </span>
     <span class='ocr_line' id='line_1_26' title="bbox 211 3307 1325 3378; baseline -0.002 -21"><span class='ocrx_word' id='word_1_187' title='bbox 211 3308 294 3370; x_wconf 84' lang='lat' dir='ltr'>adque</span> <span class='ocrx_word' id='word_1_188' title='bbox 307 3309 438 3370; x_wconf 85' lang='lat' dir='ltr'>sollertia,</span> <span class='ocrx_word' id='word_1_189' title='bbox 464 3318 492 3360; x_wconf 91' lang='lat' dir='ltr'>ut</span> <span class='ocrx_word' id='word_1_190' title='bbox 506 3327 539 3361; x_wconf 82' lang='lat' dir='ltr'>ex</span> <span class='ocrx_word' id='word_1_191' title='bbox 553 3312 602 3361; x_wconf 88' lang='lat' dir='ltr'>hoc</span> <span class='ocrx_word' id='word_1_192' title='bbox 616 3313 657 3362; x_wconf 87' lang='lat' dir='ltr'>die</span> <span class='ocrx_word' id='word_1_193' title='bbox 673 3328 748 3375; x_wconf 88' lang='lat' dir='ltr'>quem</span> <span class='ocrx_word' id='word_1_194' title='bbox 766 3321 827 3378; x_wconf 82' lang='lat' dir='ltr'>sput</span> <span class='ocrx_word' id='word_1_195' title='bbox 841 3313 950 3362; x_wconf 85' lang='lat' dir='ltr'>Ennium</span> <span class='ocrx_word' id='word_1_196' title='bbox 969 3316 994 3359; x_wconf 85' lang='lat' dir='ltr'>ct</span> <span class='ocrx_word' id='word_1_197' title='bbox 1008 3310 1034 3357; x_wconf 90' lang='lat' dir='ltr'>in</span> <span class='ocrx_word' id='word_1_198' title='bbox 1048 3307 1169 3357; x_wconf 83' lang='lat' dir='ltr'>maximis</span> <span class='ocrx_word' id='word_1_199' title='bbox 1190 3307 1325 3356; x_wconf 83' lang='lat' dir='ltr'>annalibus</span> 
     </span>
     <span class='ocr_line' id='line_1_27' title="bbox 211 3378 1322 3447; baseline -0.001 -21"><span class='ocrx_word' id='word_1_200' title='bbox 211 3379 386 3442; x_wconf 80' lang='lat' dir='ltr'>consignatum</span> <span class='ocrx_word' id='word_1_201' title='bbox 404 3381 547 3440; x_wconf 79' lang='lat' dir='ltr'>uidemus,·</span> <span class='ocrx_word' id='word_1_202' title='bbox 563 3383 709 3447; x_wconf 79' lang='lat' dir='ltr'>superiores</span> <span class='ocrx_word' id='word_1_203' title='bbox 727 3382 790 3432; x_wconf 86' lang='lat' dir='ltr'>solis</span> <span class='ocrx_word' id='word_1_204' title='bbox 810 3381 967 3432; x_wconf 83' lang='lat' dir='ltr'>defectiones</span> <span class='ocrx_word' id='word_1_205' title='bbox 983 3385 1115 3444; x_wconf 80' lang='lat' dir='ltr'>reputatae</span> <span class='ocrx_word' id='word_1_206' title='bbox 1130 3378 1193 3426; x_wconf 86' lang='lat' dir='ltr'>sint&#39;</span> <span class='ocrx_word' id='word_1_207' title='bbox 1217 3393 1240 3426; x_wconf 88' lang='lat' dir='ltr'>e.</span> <span class='ocrx_word' id='word_1_208' title='bbox 1260 3392 1285 3439; x_wconf 87' lang='lat' dir='ltr'>q.</span> <span class='ocrx_word' id='word_1_209' title='bbox 1300 3393 1322 3426; x_wconf 88' lang='lat' dir='ltr'>s.</span> 
     </span>
     <span class='ocr_line' id='line_1_28' title="bbox 211 3447 1322 3512; baseline -0.001 -17"><span class='ocrx_word' id='word_1_210' title='bbox 211 3447 303 3496; x_wconf 86' lang='lat' dir='ltr'>nouis</span> <span class='ocrx_word' id='word_1_211' title='bbox 323 3449 411 3498; x_wconf 86' lang='lat' dir='ltr'>lunis</span> <span class='ocrx_word' id='word_1_212' title='bbox 433 3451 594 3501; x_wconf 84' lang='lat' dir='ltr'>Heinriohius</span> <span class='ocrx_word' id='word_1_213' title='bbox 613 3451 729 3502; x_wconf 83' lang='lat' dir='ltr'>Ciceroni</span> <span class='ocrx_word' id='word_1_214' title='bbox 757 3453 896 3502; x_wconf 87' lang='lat' dir='ltr'>continuat.</span> <span class='ocrx_word' id='word_1_215' title='bbox 936 3451 991 3499; x_wconf 89' lang='lat' dir='ltr'>Huc</span> <span class='ocrx_word' id='word_1_216' title='bbox 1016 3448 1112 3498; x_wconf 88' lang='lat' dir='ltr'>relatus</span> <span class='ocrx_word' id='word_1_217' title='bbox 1133 3447 1164 3496; x_wconf 86' lang='lat' dir='ltr'>ab</span> <span class='ocrx_word' id='word_1_218' title='bbox 1189 3447 1230 3496; x_wconf 85' lang='lat' dir='ltr'>ed.</span> <span class='ocrx_word' id='word_1_219' title='bbox 1250 3447 1322 3512; x_wconf 90' lang='lat' dir='ltr'>Lips.</span> 
     </span>
    </p>
   </div>
   <div class='ocr_carea' id='block_1_11' title="bbox 203 3505 1325 3587">
    <p class='ocr_par' dir='ltr' id='par_1_12' title="bbox 203 3505 1325 3587">
     <span class='ocr_line' id='line_1_29' title="bbox 203 3505 1325 3587; baseline 0.001 -23"><span class='ocrx_word' id='word_1_220' title='bbox 203 3505 352 3566; x_wconf 83' lang='lat' dir='ltr'>&#39;uersicuius</span> <span class='ocrx_word' id='word_1_221' title='bbox 421 3521 445 3569; x_wconf 88' lang='lat' dir='ltr'>V</span> <span class='ocrx_word' id='word_1_222' title='bbox 468 3520 612 3570; x_wconf 86' lang='lat' dir='ltr'>Macrobius</span> <span class='ocrx_word' id='word_1_223' title='bbox 629 3520 682 3570; x_wconf 87' lang='lat' dir='ltr'>Sat.</span> <span class='ocrx_word' id='word_1_224' title='bbox 702 3523 737 3570; x_wconf 91' lang='lat' dir='ltr'>VI</span> <span class='ocrx_word' id='word_1_225' title='bbox 757 3524 767 3571; x_wconf 96' lang='lat' dir='ltr'>l</span> <span class='ocrx_word' id='word_1_226' title='bbox 788 3537 814 3587; x_wconf 93' lang='lat' dir='ltr'>p.</span> <span class='ocrx_word' id='word_1_227' title='bbox 826 3521 878 3572; x_wconf 82' lang='lat'>499</span> <span class='ocrx_word' id='word_1_228' title='bbox 894 3521 951 3570; x_wconf 84' lang='lat' dir='ltr'>dau.</span> <span class='ocrx_word' id='word_1_229' title='bbox 980 3523 1094 3568; x_wconf 86' lang='lat' dir='ltr'>‘summa</span> <span class='ocrx_word' id='word_1_230' title='bbox 1115 3518 1228 3566; x_wconf 91' lang='lat' dir='ltr'>nituntur</span> <span class='ocrx_word' id='word_1_231' title='bbox 1247 3531 1325 3582; x_wconf 92' lang='lat' dir='ltr'>opum</span> 
     </span>
    </p>
   </div>
   <div class='ocr_carea' id='block_1_12' title="bbox 209 3667 1326 3851">
    <p class='ocr_par' dir='ltr' id='par_1_13' title="bbox 209 3667 1326 3851">
     <span class='ocr_line' id='line_1_30' title="bbox 254 3667 1325 3768; baseline -0.006 -18"><span class='ocrx_word' id='word_1_232' title='bbox 254 3697 431 3753; x_wconf 84' lang='lat' dir='ltr'>163·nornen</span> <span class='ocrx_word' id='word_1_233' title='bbox 457 3695 503 3766; x_wconf 92' lang='lat' dir='ltr'>qui</span> <span class='ocrx_word' id='word_1_234' title='bbox 525 3696 617 3768; x_wconf 61' lang='lat' dir='ltr'>uulgo.</span> <span class='ocrx_word' id='word_1_235' title='bbox 639 3690 685 3749; x_wconf 72' lang='lat' dir='ltr'>nffi</span> <span class='ocrx_word' id='word_1_236' title='bbox 706 3667 800 3765; x_wconf 74' lang='lat' dir='ltr'>deod.</span> <span class='ocrx_word' id='word_1_237' title='bbox 910 3699 961 3753; x_wconf 82' lang='lat'>164</span> <span class='ocrx_word' id='word_1_238' title='bbox 983 3692 1029 3748; x_wconf 90' lang='lat' dir='ltr'>hic</span> <span class='ocrx_word' id='word_1_239' title='bbox 1050 3707 1168 3746; x_wconf 88' lang='lat' dir='ltr'>occasus</span> <span class='ocrx_word' id='word_1_240' title='bbox 1185 3688 1267 3743; x_wconf 85' lang='lat' dir='ltr'>datus</span> <span class='ocrx_word' id='word_1_241' title='bbox 1282 3695 1325 3744; x_wconf 87' lang='lat' dir='ltr'>est</span> 
     </span>
     <span class='ocr_line' id='line_1_31' title="bbox 209 3773 1326 3851; baseline -0.006 -17"><span class='ocrx_word' id='word_1_242' title='bbox 209 3780 282 3843; x_wconf 76' lang='lat' dir='ltr'>cod,</span> <span class='ocrx_word' id='word_1_243' title='bbox 319 3784 409 3835; x_wconf 73' lang='lat' dir='ltr'>tueteer</span> <span class='ocrx_word' id='word_1_244' title='bbox 439 3779 469 3834; x_wconf 91' lang='lat' dir='ltr'>O.</span> <span class='ocrx_word' id='word_1_245' title='bbox 494 3778 646 3836; x_wconf 70' lang='lat' dir='ltr'>Muellerus</span> <span class='ocrx_word' id='word_1_246' title='bbox 675 3779 714 3832; x_wconf 87' lang='lat' dir='ltr'>od</span> <span class='ocrx_word' id='word_1_247' title='bbox 732 3779 844 3833; x_wconf 80' lang='lat' dir='ltr'>Festum</span> <span class='ocrx_word' id='word_1_248' title='bbox 868 3797 900 3851; x_wconf 80' lang='lat' dir='ltr'>p.</span> <span class='ocrx_word' id='word_1_249' title='bbox 921 3783 970 3837; x_wconf 81' lang='grc'>391</span> <span class='ocrx_word' id='word_1_250' title='bbox 1004 3777 1042 3849; x_wconf 83' lang='lat' dir='ltr'>cf.</span> <span class='ocrx_word' id='word_1_251' title='bbox 1066 3775 1261 3832; x_wconf 74' lang='lat' dir='ltr'>Lochmonruu</span> <span class='ocrx_word' id='word_1_252' title='bbox 1287 3773 1326 3827; x_wconf 84' lang='lat' dir='ltr'>ad</span> 
     </span>
    </p>
   </div>
   <div class='ocr_carea' id='block_1_13' title="bbox 139 3858 1322 3935">
    <p class='ocr_par' dir='ltr' id='par_1_14' title="bbox 139 3858 1322 3935">
     <span class='ocr_line' id='line_1_32' title="bbox 139 3858 1322 3935; baseline -0.008 -14"><span class='ocrx_word' id='word_1_253' title='bbox 139 3901 146 3914; x_wconf 89' lang='lat'><strong>·</strong></span> <span class='ocrx_word' id='word_1_254' title='bbox 209 3862 546 3935; x_wconf 72' lang='lat' dir='ltr'>Lucr.11829p.122</span> <span class='ocrx_word' id='word_1_255' title='bbox 633 3863 745 3919; x_wconf 88' lang='lat' dir='ltr'>Oratius</span> <span class='ocrx_word' id='word_1_256' title='bbox 767 3864 828 3918; x_wconf 86' lang='lat' dir='ltr'>cod.</span> <span class='ocrx_word' id='word_1_257' title='bbox 910 3863 1033 3918; x_wconf 89' lang='lat' dir='ltr'>inclutus</span> <span class='ocrx_word' id='word_1_258' title='bbox 1055 3861 1114 3916; x_wconf 83' lang='lat' dir='ltr'>cod.</span> <span class='ocrx_word' id='word_1_259' title='bbox 1201 3858 1322 3929; x_wconf 78' lang='lat' dir='ltr'>inclytus</span> 
     </span>
    </p>
   </div>
   <div class='ocr_carea' id='block_1_14' title="bbox 205 3944 1322 4362">
    <p class='ocr_par' dir='ltr' id='par_1_15' title="bbox 205 3944 1322 4362">
     <span class='ocr_line' id='line_1_33' title="bbox 209 3944 1321 4018; baseline -0.007 -14"><span class='ocrx_word' id='word_1_260' title='bbox 209 3955 272 4005; x_wconf 86' lang='lat' dir='ltr'>astu</span> <span class='ocrx_word' id='word_1_261' title='bbox 291 3950 432 4005; x_wconf 83' lang='lat' dir='ltr'>Ducerius</span> <span class='ocrx_word' id='word_1_262' title='bbox 538 3954 587 4007; x_wconf 84' lang='lat'>165</span> <span class='ocrx_word' id='word_1_263' title='bbox 617 3947 726 4003; x_wconf 85' lang='lat' dir='ltr'>accedit</span> <span class='ocrx_word' id='word_1_264' title='bbox 749 3965 810 4002; x_wconf 90' lang='lat' dir='ltr'>sum</span> <span class='ocrx_word' id='word_1_265' title='bbox 833 3949 879 4018; x_wconf 89' lang='lat' dir='ltr'>qui</span> <span class='ocrx_word' id='word_1_266' title='bbox 902 3947 1024 4002; x_wconf 78' lang='lat' dir='ltr'>Merula.</span> <span class='ocrx_word' id='word_1_267' title='bbox 1046 3945 1083 4000; x_wconf 82' lang='lat' dir='ltr'>ad</span> <span class='ocrx_word' id='word_1_268' title='bbox 1105 3960 1168 3999; x_wconf 87' lang='lat' dir='ltr'>sese</span> <span class='ocrx_word' id='word_1_269' title='bbox 1191 3959 1253 3996; x_wconf 90' lang='lat' dir='ltr'>sum</span> <span class='ocrx_word' id='word_1_270' title='bbox 1274 3944 1321 4012; x_wconf 92' lang='lat' dir='ltr'>qui</span> 
     </span>
     <span class='ocr_line' id='line_1_34' title="bbox 210 4024 1321 4098; baseline -0.008 -10"><span class='ocrx_word' id='word_1_271' title='bbox 210 4041 263 4098; x_wconf 82' lang='lat' dir='ltr'>(ac.</span> <span class='ocrx_word' id='word_1_272' title='bbox 274 4035 409 4098; x_wconf 85' lang='lat' dir='ltr'>aduocat)</span> <span class='ocrx_word' id='word_1_273' title='bbox 419 4033 557 4088; x_wconf 63' lang='lat' dir='ltr'>Dacorum</span> <span class='ocrx_word' id='word_1_274' title='bbox 643 4031 761 4087; x_wconf 86' lang='lat' dir='ltr'>dederat</span> <span class='ocrx_word' id='word_1_275' title='bbox 770 4033 830 4088; x_wconf 88' lang='lat' dir='ltr'>eod.</span> <span class='ocrx_word' id='word_1_276' title='bbox 939 4036 988 4090; x_wconf 92' lang='grc'>166</span> <span class='ocrx_word' id='word_1_277' title='bbox 1002 4029 1166 4093; x_wconf 86' lang='lat' dir='ltr'>Vulsoutus]</span> <span class='ocrx_word' id='word_1_278' title='bbox 1182 4024 1220 4096; x_wconf 84' lang='lat' dir='ltr'>cf.</span> <span class='ocrx_word' id='word_1_279' title='bbox 1230 4025 1321 4098; x_wconf 72' lang='lat' dir='ltr'>Bery-</span> 
     </span>
     <span class='ocr_line' id='line_1_35' title="bbox 209 4109 1320 4188; baseline -0.008 -16"><span class='ocrx_word' id='word_1_280' title='bbox 209 4117 271 4174; x_wconf 71' lang='lat' dir='ltr'>use</span> <span class='ocrx_word' id='word_1_281' title='bbox 282 4116 346 4176; x_wconf 80' lang='lat' dir='ltr'>Iud.</span> <span class='ocrx_word' id='word_1_282' title='bbox 362 4119 422 4173; x_wconf 86' lang='lat' dir='ltr'>leet.</span> <span class='ocrx_word' id='word_1_283' title='bbox 438 4117 529 4174; x_wconf 76' lang='lat' dir='ltr'>Maro.</span> <span class='ocrx_word' id='word_1_284' title='bbox 544 4123 611 4172; x_wconf 82' lang='lat' dir='ltr'>aest.</span> <span class='ocrx_word' id='word_1_285' title='bbox 630 4120 699 4175; x_wconf 81' lang='lat' dir='ltr'>lstt</span> <span class='ocrx_word' id='word_1_286' title='bbox 708 4134 739 4188; x_wconf 78' lang='grc' dir='ltr'>ρ.</span> <span class='ocrx_word' id='word_1_287' title='bbox 759 4117 784 4172; x_wconf 86' lang='lat' dir='ltr'><em>V</em></span> <span class='ocrx_word' id='word_1_288' title='bbox 811 4117 861 4172; x_wconf 78' lang='lat' dir='ltr'>To.</span> <span class='ocrx_word' id='word_1_289' title='bbox 874 4116 1059 4171; x_wconf 81' lang='lat' dir='ltr'>Mommsenus</span> <span class='ocrx_word' id='word_1_290' title='bbox 1070 4115 1104 4168; x_wconf 82' lang='lat' dir='ltr'>de</span> <span class='ocrx_word' id='word_1_291' title='bbox 1113 4112 1179 4167; x_wconf 79' lang='lat' dir='ltr'>dial.</span> <span class='ocrx_word' id='word_1_292' title='bbox 1193 4109 1256 4165; x_wconf 79' lang='lat' dir='ltr'>Ital.</span> <span class='ocrx_word' id='word_1_293' title='bbox 1268 4110 1320 4182; x_wconf 79' lang='lat' dir='ltr'>inf.</span> 
     </span>
     <span class='ocr_line' id='line_1_36' title="bbox 205 4194 1322 4272; baseline -0.006 -14"><span class='ocrx_word' id='word_1_294' title='bbox 205 4206 375 4272; x_wconf 64' lang='grc'>[1146162</span> <span class='ocrx_word' id='word_1_295' title='bbox 484 4204 534 4261; x_wconf 86' lang='grc'>167</span> <span class='ocrx_word' id='word_1_296' title='bbox 557 4201 638 4256; x_wconf 89' lang='lat' dir='ltr'>nonis</span> <span class='ocrx_word' id='word_1_297' title='bbox 656 4201 717 4258; x_wconf 84' lang='lat' dir='ltr'>edd.</span> <span class='ocrx_word' id='word_1_298' title='bbox 743 4203 883 4256; x_wconf 73' lang='lat' dir='ltr'>noncod·</span> <span class='ocrx_word' id='word_1_299' title='bbox 970 4199 1058 4266; x_wconf 89' lang='lat' dir='ltr'>lunis]</span> <span class='ocrx_word' id='word_1_300' title='bbox 1074 4197 1113 4268; x_wconf 84' lang='lat' dir='ltr'>ef.</span> <span class='ocrx_word' id='word_1_301' title='bbox 1125 4194 1322 4251; x_wconf 69' lang='lat' dir='ltr'>Lucumonem</span> 
     </span>
     <span class='ocr_line' id='line_1_37' title="bbox 210 4278 1237 4362; baseline -0.007 -20"><span class='ocrx_word' id='word_1_302' title='bbox 210 4284 250 4339; x_wconf 80' lang='lat' dir='ltr'>od</span> <span class='ocrx_word' id='word_1_303' title='bbox 265 4285 351 4341; x_wconf 71' lang='lat' dir='ltr'>lucr.</span> <span class='ocrx_word' id='word_1_304' title='bbox 374 4286 445 4362; x_wconf 67' lang='lat' dir='ltr'>V85</span> <span class='ocrx_word' id='word_1_305' title='bbox 553 4290 605 4346; x_wconf 88' lang='grc'>168</span> <span class='ocrx_word' id='word_1_306' title='bbox 619 4285 753 4344; x_wconf 84' lang='lat' dir='ltr'>Romanis</span> <span class='ocrx_word' id='word_1_307' title='bbox 769 4286 944 4358; x_wconf 80' lang='lat' dir='ltr'>Por.Neop.</span> <span class='ocrx_word' id='word_1_308' title='bbox 1029 4278 1237 4355; x_wconf 86' lang='lat' dir='ltr'>opumuePor.</span> 
     </span>
    </p>
   </div>
   <div class='ocr_carea' id='block_1_15' title="bbox 0 0 1576 5048">
    <p class='ocr_par' dir='ltr' id='par_1_16' title="bbox 0 0 1576 5048">
     <span class='ocr_line' id='line_1_38' title="bbox 0 0 1576 5048; baseline 0 2"><span class='ocrx_word' id='word_1_309' title='bbox 0 0 1576 5048; x_wconf 95' lang='lat' dir='ltr'> </span> 
     </span>
    </p>
   </div>
  </div>
 </body>
</html>
