3112 5040
602 439 844 509 nnnlovmtt

698 608 740 678 lll

180 733 243 796 445
266 708 415 814 ¹luppiter
430 721 483 792 hic
499 720 570 792 risit
589 726 869 818 tempestatesque
887 746 1026 796 serenae

271 826 429 896 Riserunt
446 847 561 896 omnes
579 825 648 896 risu
670 826 760 898 louis
780 827 1023 920 omnipotentis.

603 995 613 1008 “
694 975 743 1047 Ν

272 1093 337 1164 lam
357 1098 431 1164 cata
448 1092 548 1188 signa
566 1095 637 1165 lere
656 1096 801 1166 sonitum
819 1096 898 1168 dare
917 1119 1002 1168 uoce
1021 1095 1189 1186 parabant.

270 1363 356 1434 Exin
375 1387 436 1456 per
456 1368 562 1436 terras
584 1367 761 1458 postquam
782 1360 1006 1433 celerissimus
1030 1382 1142 1431 rumor

700 1511 746 1581 Vl

230 1607 234 1616 Ι
270 1683 279 1700 .
333 1683 341 1700 .
396 1684 404 1702 .
581 1684 589 1700 .
642 1683 651 1700 .
704 1651 764 1700 rex
784 1629 902 1700 deinde
922 1627 1041 1698 citatus

181 1742 243 1803 450
271 1732 435 1804 Conuellit
454 1754 531 1807 sese

687 1865 750 1936 Vll

270 2039 527 2057 .....
582 1973 686 2077 r'eplet
704 1989 737 2055 te
757 1964 933 2053 laetificum
953 2004 1032 2074 gau.

682 2133 759 2203 Vlll

268 2253 314 2324 At
336 2253 415 2322 tuba
436 2253 569 2324 terribili
591 2248 702 2320 sonitu
722 2249 923 2319 taratantara
943 2245 1033 2318 dixit.

270 2570 277 2586 .
331 2571 339 2586 .
393 2521 426 2586 et
449 2518 577 2588 Tiberis
601 2522 722 2590 flumen
746 2520 849 2590 uomit
872 2518 904 2586 in
927 2537 1018 2586 mare
1040 2516 1176 2586 salsum.

166 2719 270 2768 ‘tertiae
287 2731 349 2768 uero
371 2731 497 2783 personae
517 2721 695 2784 possessiuum
714 2722 762 2770 etsi
782 2727 897 2769 naturam
918 2717 1009 2776 habet,
1028 2724 1056 2766 ut
1071 2729 1118 2782 per
1136 2717 1283 2766 uocatiuum

50 2837 56 2850 ,
165 2789 248 2852 possit
263 2788 315 2837 diei
387 2802 524 2852 possumus
540 2789 608 2838 enim
622 2789 699 2840 etiam
713 2791 747 2840 ad
766 2789 877 2839 alienam
892 2787 1084 2854 possessionem
1099 2786 1211 2851 dirigere
1229 2801 1283 2836 ser-

167 2871 283 2916 monem,
301 2863 343 2906 ut:
363 2859 393 2906 o’
413 2873 435 2906 e.
453 2872 478 2920 q.
494 2872 516 2906 s.
546 2861 623 2907 ‘usus
643 2868 728 2908 tamen
749 2858 852 2908 deficit!
885 2858 978 2924 (Deest
999 2857 1026 2906 in
1040 2855 1167 2906 Helberst.
1187 2853 1283 2922 Sang.)

165 2927 247 2975 Ennio
270 2926 389 2991 ascripsit
406 2926 532 2976 columna
603 2929 639 2976 111
658 2927 764 2978 Seruius
784 2929 888 2978 insen.
904 2927 982 2978 1254
1003 2925 1168 2976 ‘subrideret
1188 2924 1283 2974 laetum

165 2994 276 3046 ostendit
299 2997 386 3046 louem
409 3003 434 3046 et
454 2995 532 3046 talem
558 2997 641 3059 qualis
666 3013 723 3048 esse
747 2997 813 3048 solet
835 3011 893 3046 cum
915 2996 977 3046 lacit
999 3009 1118 3046 serenum
1138 3030 1144 3043 .
1161 3031 1167 3044 .
1183 3029 1211 3046 ..
1231 2995 1284 3044 Eu·

165 3065 285 3116 uius...’
358 3066 393 3114 1v
413 3067 494 3116 Varro
515 3065 548 3114 de
565 3065 594 3115 L.
615 3066 645 3116 L.
667 3067 716 3116 vn
734 3067 770 3118 46
786 3067 821 3116 Μ.
843 3065 926 3132 ‘apud
940 3065 1063 3116 Ennium:
1083 3065 1148 3114 iam
1168 3080 1191 3114 e.
1213 3079 1238 3126 q.
1258 3077 1281 3112 s.

167 3139 270 3195 ‘cata,
290 3136 383 3185 acuta!
453 3136 476 3184 V
493 3135 640 3186 Priscianus
655 3137 704 3186 Vll
718 3152 745 3202 p.
760 3137 811 3188 too
826 3137 854 3186 Ρ.
875 3137 942 3201 (lp.
958 3132 1071 3197 329K.)
1092 3132 1283 3182 ‘celerissi-

165 3219 233 3254 mus
248 3218 295 3269 pro
308 3203 456 3254 celerrimus
468 3204 654 3270 superlatiuum
669 3206 828 3271 protulerunt
844 3240 882 3254 ...
896 3203 993 3254 Ennius
1006 3203 1034 3252 in
1046 3201 1182 3252 annalibus
1195 3202 1246 3251 ...'

199 3274 236 3324 Vl
254 3273 360 3329 Seruius
380 3275 406 3323 in
420 3274 485 3325 Aen.
501 3273 538 3323 XI
554 3273 585 3325 19
606 3275 716 3324 ‘uellere
733 3275 809 3340 signa
827 3300 862 3312 -
884 3272 928 3322 alii
947 3271 1074 3322 uellere
1093 3283 1196 3320 monem
1216 3269 1284 3320 aoei-

165 3343 247 3408 piuut.
272 3344 370 3394 Ennius
388 3344 434 3392 ...'
506 3344 555 3394 Vll
575 3345 705 3395 Ausonius
724 3343 910 3409 technopaegn.
933 3340 1026 3408 (eupli.
1042 3337 1080 3404 V)
1096 3340 1147 3390 144
1171 3340 1283 3390 ‘Ennius

169 3412 798 3480 utmemoratreplettslaetilicumgau.'
870 3407 1283 3475 VlllPrisoianusVIle.842
1328 3407 1333 3418 “

166 3481 193 3529 P.
222 3481 247 3546 (1
272 3497 299 3546 p.
321 3480 440 3545 43314.)
464 3472 714 3549 (ὀνοματοποιΐαι)
740 3488 979 3532 ‘taratantara
1017 3479 1129 3530 Ennius:
1159 3487 1186 3528 at
1207 3478 1282 3558 tubs’

167 3564 233 3666 iil:
249 3548 784 3682 institistiintentu
796 3547 1284 3681 143446,416414444ῑῖ4
1317 3589 1319 3592 ·

166 3687 287 3736 mendum
301 3688 378 3737 tubae
396 3702 487 3736 sonum
502 3689 552 3737 ait:
579 3687 790 3738 taratantara
812 3688 914 3738 dixit·
951 3687 1143 3751 Vergilianum,
1163 3697 1213 3734 non
1233 3685 1284 3734 En-

167 3758 271 3807 nianum
286 3770 391 3806 uersum
404 3755 532 3822 significat
547 3757 670 3807 Claudius
684 3757 810 3807 Sacerdos
826 3758 877 3820 lp.
892 3757 926 3806 22
939 3754 1015 3804 Endl.
1086 3753 1123 3802 IX
1140 3753 1284 3803 Macrobius

167 3826 221 3876 Sat.
237 3826 273 3875 VI
287 3829 305 3877 4
318 3841 345 3892 p.
355 3824 406 3878 519
416 3826 473 3876 Jau.
495 3830 583 3877 ‘mane
597 3825 753 3876 salutantum
768 3826 830 3874 totis
841 3826 923 3876 uomit
935 3823 1043 3876 aedibus
1056 3823 1161 3874 undam.
1178 3821 1283 3887 [Georg.

167 3894 268 3962 11462]
287 3895 396 3962 pulchre
415 3896 518 3946 uomit
537 3895 654 3946 undam
673 3904 698 3946 et
718 3896 834 3960 antique;
858 3909 917 3944 nam
936 3893 1033 3944 Ennius
1051 3892 1103 3942 ait:
1127 3900 1152 3942 et
1170 3891 1284 3942 Tiberis'

167 3983 190 4016 a
206 3982 231 4030 q.
248 3981 270 4042 s.

172 4093 370 4104 ..-..-...--

211 4175 262 4233 447
286 4175 344 4229 lere
363 4169 532 4245 septeno.
548 4173 605 4255 lere
620 4170 700 4228 Flor.
717 4170 794 4224 serae
811 4164 852 4237 (t)
872 4166 958 4222 ceteri
973 4163 1044 4219 libri
1066 4163 1126 4218 lara
1148 4159 1179 4218 0.
1190 4120 1285 4230 ¹Matell-

168 4263 245 4321 lerus
329 4265 616 4325 ffl'caelerissimus
633 4261 722 4318 Bora.
754 4257 765 4304 ’-
808 4265 860 4320 tol
875 4261 983 4331 repleat
995 4255 1083 4328 nun.
1169 4237 1290 4314 461Αᾶ

168 4347 258 4405 Bern-
323 4350 407 4406 tribili
422 4363 460 4407 etc
475 4347 574 4404 tribilis
588 4362 665 4403 corr.
681 4345 771 4401 Bere.
836 4345 937 4400 sonitu.
951 4341 1133 4398 Taratantara
1145 4337 1286 4394 Halteret.

1027 4431 1073 4498 5*
