2984 5032
557 469 785 526 ENNIANAE
1105 477 1228 555 LXXVII

125 653 219 693 uorum
242 653 405 710 oppuyuure
425 640 507 692 simut
531 639 654 693 omuibus
673 641 763 709 portis
784 638 910 709 actoressi
933 643 997 692 suut
1019 632 1113 710 (XIII.
1133 634 1228 713 XIV).

125 739 262 798 Aemilius
283 758 299 799 a
321 739 431 798 Baebio
455 739 590 798 auxilium
611 747 772 816 expectans
795 757 859 798 cum
881 747 910 797 et
935 747 1056 817 postero
1079 741 1125 800 die
1145 740 1229 816 Ligu·

124 861 169 902 res
193 853 332 903 uenturos
351 847 458 903 scisset
477 853 505 902 et
528 844 655 903 educere
680 845 707 901 in
729 844 821 902 aciem
848 845 1008 923 potuisset,
1036 854 1131 904 tamen
1154 852 1228 905 iutro

122 956 221 1008 uultum
246 969 310 1008 suos
339 957 435 1024 enuit,
468 961 498 1008 ut
522 954 685 1008 eutruberet
710 969 769 1008 rem
795 956 823 1008 ia
849 953 879 1006 id
903 957 1009 1024 tempus
1035 971 1087 1024 quo
1108 954 1230 1008 Baebius

123 1075 180 1114 crum
203 1063 326 1114 ramata
349 1062 443 1114 uenire
465 1077 482 1113 o
505 1060 579 1116 Pisis
595 1067 699 1130 posset.
737 1052 781 1113 Gi.
806 1052 902 1111 Liuius
925 1053 944 1111 I.
966 1053 985 1110 l.
1011 1053 1059 1112 25.
1093 1054 1153 1114 IIac
1177 1072 1228 1113 oc-

123 1160 240 1219 casione
268 1161 368 1219 nescio
403 1162 467 1239 quis
496 1160 649 1220 Aemilium
677 1160 791 1218 uidetur
825 1160 868 1217 cis
896 1159 1047 1218 sententiis
1079 1162 1228 1219 inuexisse

122 1283 192 1343 quas
214 1266 288 1326 haec
305 1266 467 1342 fragmenta
489 1284 573 1344 quae
586 1266 654 1325 olim
677 1274 707 1323 ut
728 1274 796 1343 puto
813 1265 894 1322 nnius
911 1265 1051 1324 orationis
1072 1265 1228 1342 complexu

123 1372 341 1430 continebantur
361 1370 438 1430 XVI.
460 1370 551 1430 XVII.
572 1370 676 1431 XVIII.
700 1369 770 1429 XIX
793 1369 941 1429 exhibent.
987 1368 1113 1430 Tandem
1136 1375 1227 1428 Aemi-

120 1483 178 1551 lius,
191 1489 337 1553 postquam
352 1482 420 1536 nihil
432 1497 549 1553 usquam
563 1482 663 1536 ouuilii
675 1480 919 1535 ostendebatur-
937 1480 976 1533 ud
990 1486 1118 1550 quattuor
1127 1487 1228 1550 portos

120 1590 270 1642 exereitum
293 1590 439 1655 iustruxit,
460 1596 490 1642 ut
510 1590 587 1658 auno
608 1587 671 1640 dato
693 1587 774 1640 amat
793 1599 830 1640 ea:
851 1586 974 1640 omuibus
990 1584 1120 1654 portibus
1142 1599 1227 1654 erup·

121 1695 216 1747 tiouem
242 1693 371 1764 fricarent
392 1725 436 1734 —-
464 1699 583 1764 quantus
606 1692 702 1762 purior
728 1698 800 1744 esset
826 1691 942 1746 edoeeus
961 1692 995 1744 ab
1017 1689 1163 1760 Liyuribus
1185 1691 1226 1742 tu-

121 1797 242 1852 trouibus
271 1800 366 1852 uerius
394 1815 476 1869 quum
505 1798 625 1853 hostibus
652 1799 729 1852 iustis
751 1796 908 1851 Romanum
933 1797 1085 1851 exoratum
1110 1794 1230 1849 obsideri

121 1898 232 1974 (Liuius
255 1897 274 1956 I.
298 1897 317 1956 I.
342 1897 410 1977 27),
436 1909 524 1978 atque
547 1898 602 1957 huc
624 1897 723 1957 refero
745 1897 773 1956 id
793 1897 871 1976 quod
889 1907 956 1974 post
972 1896 1042 1956 XIX
1063 1896 1227 1976 ponendum

119 2012 181 2063 erat
200 2003 235 2062 ir.
251 2003 315 2062 XV.

204 2107 315 2167 Eodem
340 2126 414 2167 anno
444 2109 552 2169 bellum
581 2118 714 2167 coortum
742 2111 770 2168 in
795 2107 932 2186 Hispania
958 2107 1112 2184 citeriore,
1142 2129 1226 2189 quam

120 2211 155 2285 Q.
179 2212 296 2272 Fuluius
319 2213 443 2273 Flaccus
464 2215 641 2291 prouinciam
664 2215 822 2274 obtinebat.
869 2210 957 2272 Cuius
974 2213 1044 2274 beIIi
1062 2215 1226 2292 decursum,

119 2320 146 2376 in
170 2336 227 2397 quo
251 2319 286 2377 fr.
309 2318 373 2378 XX.
397 2319 475 2384 XXI,
495 2319 578 2379 XXII
600 2321 702 2380 sedem
723 2321 852 2380 nancisci
876 2329 1026 2397 poterant,
1049 2319 1145 2380 Liuius
1170 2323 1188 2380 I.
1207 2323 1225 2380 i.

118 2425 152 2484 31
177 2443 242 2503 sqq.
269 2428 422 2486 enarrauit.

201 2530 273 2590 Nam
301 2528 442 2589 Celtiberi
472 2531 592 2607 primum
617 2530 748 2589 omnibus
777 2532 870 2608 copiis
897 2531 1000 2589 castris
1024 2533 1225 2608 egrediuntur:

116 2638 184 2696 dein
206 2655 270 2696 cnm
292 2636 438 2694 Romanus
461 2651 515 2711 per
537 2635 725 2711 quadriduum
749 2639 912 2702 continuum
934 2653 1003 2695 suos
1025 2639 1098 2696 intra
1120 2639 1226 2698 uallum

117 2744 291 2817 contineret,
307 2742 335 2799 in
351 2741 454 2799 castris
471 2740 626 2816 quieuere,
644 2741 789 2818 equitibus
805 2752 912 2802 tautum
926 2744 954 2800 in
970 2745 1123 2802 stationem
1141 2748 1225 2804 emis·

116 2849 158 2904 sis
173 2845 272 2924 (XX).
306 2845 364 2904 Iam
386 2854 504 2922 praetor
527 2846 672 2904 Romanus
692 2845 722 2904 L.
740 2846 864 2905 Acilium
886 2865 949 2906 cnm
971 2849 1120 2924 copiarum
1143 2859 1225 2926 parte

115 2961 204 3010 noctu
232 2951 325 3029 (XXI.
346 2950 457 3029 XXII.)
482 2956 627 3010 circumire
648 2962 764 3009 montem
785 2956 856 3010 iubet
881 2959 928 3026 qui
954 2956 989 3009 ub
1011 2965 1086 3028 teryo
1108 2957 1227 3014 hostibus

115 3068 191 3115 erut.-
212 3061 275 3114 inde
292 3061 339 3115 ubi
357 3063 503 3115 sturnorum
523 3058 651 3128 audisset,
675 3061 827 3116 decurrere
842 3064 881 3116 od
894 3069 987 3116 rostro
1003 3077 1107 3117 eorum.
1141 3057 1226 3119 Flac-

115 3180 169 3220 cus
193 3163 304 3222 interea
328 3159 495 3220 Celtiberos
517 3178 532 3220 a
557 3162 704 3240 praesidio
729 3171 889 3222 castrorum
915 3179 1032 3220 suorum
1055 3161 1226 3224 abstrahere

114 3267 229 3325 studet:
262 3285 297 3325 ac
325 3265 421 3324 subito
451 3273 526 3325 iutru
552 3273 657 3327 uallum
684 3276 808 3327 exercitu
833 3274 964 3325 instructo
992 3272 1078 3326 tribus
1103 3276 1228 3344 partibus

113 3379 196 3431 simut
216 3379 348 3446 erumpit,
376 3377 523 3431 clamorem
546 3393 602 3432 nou
630 3382 735 3432 tautum
758 3375 796 3429 od
817 3375 947 3429 ardorem
962 3392 1076 3446 puorroc
1100 3381 1222 3434 crocitan-

114 3481 181 3533 dum
207 3481 328 3548 subluto,
358 3481 409 3533 sed
431 3483 512 3535 etium
530 3488 560 3536 ut
580 3485 627 3553 qui
646 3484 676 3536 iu
698 3479 831 3536 montibus
851 3485 933 3534 eruut
953 3482 1128 3537 exaudirent.
1174 3481 1226 3560 (Vt

111 3579 171 3638 huc
194 3581 321 3638 fortasse
342 3581 445 3640 meiius
468 3582 613 3642 referatur
631 3582 667 3640 fr.
690 3580 787 3658 XIV.)'
820 3581 870 3640 sie
883 3601 977 3657 prope
998 3589 1057 3640 siue
1078 3591 1227 3643 certamine

110 3691 265 3758 cupiuntur
288 3699 392 3745 castro.

200 3789 367 3866 Septimo
392 3791 540 3850 decimo
564 3780 685 3853 annali
706 3798 797 3871 potita
818 3809 866 3851 res
890 3811 915 3851 a.
938 3809 966 3851 a.
990 3811 1015 3852 c.
1033 3794 1094 3853 572
1116 3804 1145 3853 et
1164 3796 1225 3854 573

109 3905 215 3971 gestas
244 3897 358 3954 cecinit.
404 3894 483 3954 Inter
511 3915 583 3975 quas
611 3898 664 3958 fuit
695 3899 780 3958 etiam
810 3895 1033 3974 quoditiano,
1062 3917 1146 3975 quem
1169 3899 1225 3958 Hu·
1261 3964 1263 3967 ,

110 4001 180 4076 gius
202 4000 344 4076 laudauit,
368 4002 396 4058 in
412 4001 544 4060 oratione
566 4003 602 4062 de
623 4005 779 4082 prouinciis
805 4003 1007 4062 consularibus
1035 4022 1061 4062 c.
1084 4003 1102 4062 9
1126 4005 1225 4063 tradit:

111 4128 152 4165 aa
181 4127 247 4165 uero
275 4110 317 4165 M.
340 4113 386 4165 ille
407 4111 543 4180 Lepidus,
566 4113 669 4184 quibis
690 4117 786 4170 consul
807 4121 833 4167 et
855 4113 987 4184 pontifex
1008 4115 1147 4166 mrtuiruus
1166 4114 1229 4183 sirit,

109 4233 169 4269 nou
191 4217 278 4269 sotum
298 4219 447 4271 memoriae
469 4220 618 4272 testimonio
637 4219 688 4272 sed
705 4222 786 4273 otiam
809 4219 951 4273 annalium
971 4219 1066 4271 titteris
1085 4225 1111 4271 et
1131 4222 1230 4274 nummi

106 4324 211 4388 poetae
231 4337 298 4376 uoce
320 4323 449 4376 laudatus
467 4330 515 4393 est,
534 4323 608 4394 quod
629 4339 689 4377 eum
705 4323 745 4376 M.
767 4325 868 4378 Fuluio
889 4325 1011 4392 couleur,
1033 4325 1143 4394 quodie
1164 4339 1227 4378 errr—
