3112 5040
576 469 580 476 -
623 435 866 508 nnrrovrnn

716 603 765 674 lV

292 721 328 793 Si
346 723 424 818 quid
445 747 497 796 me
517 725 617 796 luerit
634 723 822 796 humanitus
842 729 878 797 ut
897 725 1036 798 teneatis

711 857 774 926 V*

589 976 883 1048 mammem
904 937 1072 1050 aaut.
1098 963 1322 1094 amat.
1357 951 1529 1062 Μ

705 1111 783 1182 VI*
1341 1095 1389 1178 T
1403 1109 1516 1230 311111

205 1239 300 1301 130.
354 1281 362 1298 .
417 1281 425 1298 .
478 1229 630 1322 quianam
651 1231 805 1324 legiones
825 1233 992 1306 caedimus
1014 1233 1103 1302 lerro

713 1365 775 1437 Vll

290 1483 413 1576 Ingens
434 1487 545 1556 curast
564 1484 626 1554 mis
646 1486 865 1556 concordibus
884 1486 1109 1580 aequiperare.

705 1619 781 1689 Vlll

290 1737 332 1809 lot
354 1738 452 1808 simul
473 1695 606 1830 elingit,
635 1760 750 1830 speres
769 1739 814 1810 ita
831 1739 979 1810 funditus
1001 1745 1135 1812 nostras

720 1875 766 1944 lX

291 1991 355 2078 Qui
375 1994 464 2062 terro
485 1991 633 2062 minitere
656 1996 756 2085 atque
777 1995 810 2062 in
832 1999 865 2064 te
888 1993 1048 2086 ningulus
1075 2047 1083 2064 .
1113 2047 1121 2064 .

186 2195 248 2254 nati,
267 2193 294 2243 in
308 2193 462 2256 quibusdam
477 2200 602 2257 apparent
611 2184 713 2258 Ιἔτυμα,
733 2202 760 2244 ut
775 2210 839 2258 quor
851 2196 885 2244 sit
899 2194 1022 2244 Martialis
1037 2202 1062 2243 et
1071 2193 1226 2253 Quirinalis;
1244 2199 1304 2242 sunt

187 2265 213 2313 in
227 2264 319 2326 quibus
333 2263 464 2312 flaminum
478 2263 674 2327 cognominibus
687 2263 767 2314 latent
780 2265 902 2330 origines,
922 2266 986 2313 utin
999 2263 1040 2313 his
1054 2265 1170 2327 quisunt
1183 2262 1302 2312 uersibus

186 2333 316 2398 plerique:
336 2331 526 2381 Volturnalcm'
548 2348 571 2381 e.
588 2348 612 2394 q.
629 2347 650 2381 s.
683 2336 762 2394 ‘quac
777 2334 885 2383 obscura
898 2341 964 2383 snut.
996 2332 1091 2382 Eorum
1112 2334 1184 2398 origo
1198 2330 1302 2382 Voltur-

186 2417 249 2462 nus,
268 2402 330 2451 diua
343 2401 464 2459 Palatua,
489 2401 642 2460 Furrina,
661 2402 752 2461 Flora,
774 2403 881 2452 Falacer
893 2411 981 2467 pater,
1003 2402 1133 2451 Pomona!
1165 2402 1242 2450 Ennii
1256 2400 1302 2450 he-

186 2486 244 2521 roos
268 2471 372 2536 agnouit
392 2470 421 2520 Ο.
444 2469 590 2519 Muellerus.
623 2470 723 2520 lambos
745 2478 879 2521 scazontas
905 2470 967 2520 olim
986 2471 1150 2520 constituerat
1168 2469 1302 2520 Turnebus

187 2540 252 2590 ndu.
268 2539 354 2588 xxlll
370 2539 403 2590 16
472 2538 507 2586 lV
526 2539 616 2587 Festus
631 2553 657 2603 p.
673 2538 720 2589 161
732 2540 766 2590 M.
795 2544 855 2589 ‘me
876 2539 1002 2605 promihi
1022 2539 1140 2588 dicebant
1161 2537 1303 2600 antiquina

186 2610 282 2660 Ennius
302 2624 360 2657 cum
381 2609 417 2657 ait
436 2607 453 2654 l.
470 2607 512 2654 ll.
531 2643 536 2654 .
554 2608 569 2654 .’
600 2608 682 2656 Vsum
697 2610 865 2672 syntacticum
881 2617 951 2658 notat
963 2609 1161 2674 grammaticus,
1186 2622 1236 2658 uon
1250 2606 1302 2656 lor-

186 2694 254 2727 mam
263 2678 439 2743 pronominis:
456 2675 525 2737 quod
534 2675 563 2725 Ο.
576 2675 725 2726 Muellerum
735 2677 829 2728 fefellit
898 2678 921 2727 V
938 2677 1109 2736 Quintilianus
1119 2679 1130 2726 l
1141 2679 1166 2737 5,
1179 2677 1212 2728 12
1227 2677 1302 2726 ‘duos

185 2750 211 2796 in
230 2761 281 2796 uno
300 2747 402 2796 nomine
424 2744 536 2794 faciebat
557 2745 731 2795 barbarismos
749 2747 829 2796 Tinea
848 2746 1010 2796 Placentinus
1033 2783 1039 2796 .
1058 2783 1064 2796 .
1082 2783 1088 2795 .
1109 2746 1240 2812 preculam
1254 2761 1301 2811 pro

186 2816 294 2880 pergula
312 2816 399 2864 dicens
419 2850 425 2861 .
444 2849 473 2861 ..
497 2821 522 2861 at
541 2815 567 2862 in
587 2814 677 2864 eadem
696 2817 755 2865 uitii
772 2816 944 2881 geminatione
958 2816 1073 2866 Mettoi
1087 2816 1241 2866 Fubettoi
1262 2816 1302 2866 di-

186 2900 246 2934 ceus
260 2882 478 2948 Enniuspoetico
500 2882 555 2931 inre
575 2883 738 2934 defenditur!
767 2939 773 2944 ,
809 2887 846 2935 Vl
864 2885 970 2935 Seruius
990 2886 1016 2934 in
1035 2887 1100 2936 Aen.
1120 2885 1173 2936 Χ6
1195 2886 1302 2947 ‘quia-

185 2969 270 3012 nam,
287 2969 347 3014 cur,
364 2967 452 3014 quare.
481 2950 610 3001 Ennianus
626 2967 709 3004 sermo
724 2962 777 3004 est:
798 2955 933 3017 quianam'
953 2971 975 3004 e.
989 2971 1013 3017 q.
1024 2969 1045 3004 s.
1074 2955 1127 3005 Hoc
1144 2955 1200 3004 loco
1215 2955 1302 3020 posuit

186 3023 284 3074 Merula
356 3022 402 3071 Vll
421 3020 567 3110 Priscipnus
585 3021 647 3071 Xlll
665 3038 692 3088 p.
711 3023 763 3076 955
783 3025 811 3072 P.
833 3025 859 3090 (l
879 3040 906 3090 p.
922 3024 972 3076 561
992 3021 1038 3088 Κ.)
1057 3025 1132 3075 ‘mis
1155 3025 1189 3073 tis
1211 3025 1247 3074 sis
1266 3051 1301 3060 -

185 3113 281 3163 Ennius
301 3114 327 3161 in
348 3114 371 3162 ll
394 3115 459 3162 ...'
482 3113 520 3178 (ll
541 3111 620 3178 Reg.)
690 3114 751 3162 Vlll
775 3113 864 3164 Festus
883 3131 909 3181 p.
926 3114 977 3166 333
992 3115 1026 3164 Μ.
1054 3118 1182 3181 ‘speres
1203 3115 1302 3176 antiqui

185 3183 319 3248 pluraliter
338 3183 470 3240 dicebant,
493 3191 521 3232 ut
531 3183 627 3232 Ennius
644 3183 661 3231 l.
674 3184 696 3231 ll
719 3220 746 3231 ..
765 3185 780 3232 .’
851 3184 888 3234 IX
907 3185 996 3234 Festus
1009 3199 1035 3249 p.
1051 3183 1100 3233 177
1111 3183 1145 3233 Μ.
1168 3183 1301 3248 ‘ningu-

186 3253 250 3310 lus,
273 3251 374 3311 nullum,
398 3260 425 3300 ut
438 3253 534 3301 Ennius
552 3251 569 3300 l.
584 3252 621 3300 ll:
643 3253 686 3315 qui
705 3251 724 3301 f.
740 3267 773 3300 m.
790 3260 866 3314 atque
878 3253 905 3302 in
920 3261 945 3303 te
964 3253 1081 3302 ninculus
1094 3253 1191 3302 mederi
1206 3254 1299 3314 quent.¹

185 3320 279 3371 Paulus
294 3337 321 3387 p.
339 3322 387 3372 176
401 3320 435 3370 Μ.
456 3321 647 3386 ‘ningulus,
667 3321 761 3370 nullus.
793 3321 903 3372 Marcius
918 3329 1003 3372 uates:
1022 3337 1055 3373 ne
1068 3322 1188 3388 ningulus
1203 3321 1300 3372 mederi

229 3533 279 3586 118
293 3544 337 3582 me
352 3529 435 3582 luerit
449 3531 542 3601 uulgo.
570 3529 692 3584 mutierit
706 3529 766 3583 cod.
782 3535 895 3586 oucwre
912 3529 951 3584 H.
966 3528 1056 3586 Keilio
1073 3532 1090 3586 l.
1108 3531 1125 3586 ἱ.
1134 3549 1168 3602 p.
1184 3535 1235 3589 611

227 3615 278 3670 119
292 3612 532 3680 MettoiFubettoi]
552 3614 591 3685 cf.
602 3613 724 3685 ‘populoi
729 3612 869 3668 Romami
874 3614 882 3640 '
895 3611 989 3669 Mario
1003 3615 1140 3670 Victorino
1146 3614 1298 3686 ρ.1463Ρ.

184 3698 233 3760 (19
246 3695 294 3763 G.)
309 3701 438 3752 nouum.
463 3698 597 3752 metti.eo
621 3704 648 3752 et
669 3696 773 3750 lunatio
798 3715 831 3751 eo
847 3696 973 3752 Ambroa.
997 3702 1077 3769 (post
1093 3701 1169 3753 metti
1184 3715 1242 3754 uno
1256 3701 1299 3754 lit-

183 3785 244 3834 tcro
257 3795 358 3846 croso,
378 3795 413 3834 eo
429 3787 456 3835 et
470 3787 497 3836 el
509 3783 626 3838 allorum
641 3798 675 3834 eo
692 3795 727 3832 m.
743 3781 807 3848 alt.)
823 3787 851 3835 et
871 3781 925 3835 tieo
941 3782 1053 3837 luleetio
1066 3799 1100 3838 eo
1115 3783 1209 3838 Furio.
1227 3789 1299 3838 met·

183 3865 238 3920 tieo
265 3863 412 3920 suffectieo
443 3882 476 3920 eo
502 3865 598 3922 cassa
630 3865 751 3922 Metioeo
779 3865 924 3920 Fufetioeo
960 3865 992 3926 G.
1020 3865 1200 3923 Hermonassa
1222 3867 1301 3938 opud

182 3949 221 4004 Η.
237 3947 383 4022 Meycrom
491 3954 542 4009 131
565 3968 633 4006 cura
653 3950 716 4005 libri
800 3967 864 4007 curn
879 3951 928 4024 (ci
939 3949 1095 4018 Holbcrsl.)
1111 3951 1299 4008 concordibus

183 4033 247 4089 libri
332 4036 433 4106 ingens
458 4051 526 4091 cura
547 4035 616 4091 mihi
636 4032 825 4092 concordibus
840 4035 967 4109 Scaliger
985 4037 1063 4107 opud
1075 4035 1214 4092 Merulam

184 4145 368 4216 aequiperare
384 4145 449 4200 libri
456 4145 601 4224 pleriqua
618 4119 770 4216 aequipai⁸e
783 4142 869 4216 Sonp.
939 4142 983 4198 Aa
994 4143 1150 4200 concordes
1163 4131 1298 4217 aequipe-

184 4227 268 4283 raie?
289 4229 328 4300 cf.
343 4229 509 4286 Bructerae
523 4229 600 4288 Prol.
616 4229 693 4284 Fran.
704 4246 738 4300 p.
752 4225 921 4294 LXXXIII
928 4241 969 4298 sq.
986 4234 1012 4282 ct
1024 4228 1054 4283 O.
1066 4227 1231 4286 Ribbeckius
1243 4231 1299 4286 Ρα-

183 4327 247 4370 cou.
260 4315 315 4368 tac.
328 4313 503 4389 sobXLIII
587 4318 638 4376 131
656 4313 740 4390 Vulgo
754 4314 829 4369 dccet
838 4314 1020 4388 compunctio
1106 4315 1297 4377 133111111οά.
