3112 5040
605 419 845 490 RELIQVIAE

704 589 750 658 IX

272 708 365 794 Quos
386 709 442 780 ubi
465 729 525 780 rex
545 706 690 800 populos
713 704 823 796 spexit
846 704 887 774 de
907 702 1057 773 cautibus
1079 699 1178 770 celsis

708 854 741 925 X

272 975 386 1066 Reges
403 997 464 1065 per
481 995 623 1066 regnum
640 975 834 1063 statuasque
849 960 1091 1064 sepulchraque
1109 972 1280 1063 quaerunt,

273 1077 457 1146 Aedificant
478 1098 615 1148 nomen:
640 1095 769 1143 summa
790 1073 938 1144 nituntur
958 1096 1060 1165 opum
1080 1075 1123 1142 ui.

700 1223 747 1294 XI

182 1353 243 1414 405
271 1396 280 1412 .
330 1395 338 1413 .
393 1348 471 1434 post
492 1329 598 1415 aetate
618 1342 729 1436 pigret
746 1343 896 1414 subferre
917 1341 1073 1412 laborem.

624 1548 634 1564 .
698 1492 758 1562 XII

276 1610 447 1677 Aestatem
470 1612 648 1680 autumnus
671 1609 836 1702 sequilur,
863 1611 941 1699 post
960 1587 1037 1676 acer
1054 1603 1182 1695 hiemps
1204 1602 1250 1673 fit.

689 1757 764 1827 Xlll

272 1877 438 1947 Montibus
456 1875 596 1967 obstipis
613 1872 820 1945 obstantibus
837 1873 925 1942 unde
943 1873 1047 1989 oritur
1068 1894 1137 1942 nox

690 2009 771 2080 XIV

277 2129 340 2214 Qui
358 2129 481 2200 clamor
502 2129 727 2223 oppugnantis
746 2149 874 2221 uagore
892 2126 1016 2197 uolanti

171 2345 228 2392 nius
242 2343 353 2393 iusexto
366 2344 466 2394 decimo
483 2345 568 2396 annuli
589 2345 657 2394 dies
674 2345 777 2410 sempsit
791 2359 838 2409 pro
852 2344 904 2394 diei
917 2345 944 2392 iu
955 2343 1004 2392 boo
1015 2357 1105 2392 uersu:
1124 2343 1281 2408 postremee'

171 2430 193 2462 e.
208 2429 233 2475 q.
250 2429 271 2463 s.
344 2413 380 2462 IX
402 2413 493 2464 Festus
508 2430 535 2480 p.
555 2413 606 2465 330
622 2415 655 2463 M.
676 2415 792 2479 ‘spicit
811 2428 911 2476 quoque
928 2413 983 2461 sine
1001 2413 1192 2477 praepositione
1209 2413 1282 2461 dixe-

171 2491 229 2531 runt
249 2483 347 2545 antiqui
364 2509 399 2519 -
417 2493 442 2532 et
459 2485 554 2549 spexit.
584 2484 682 2532 EnnIus
701 2483 719 2530 l.
737 2483 799 2531 XVI
819 2484 869 2530 ...’
891 2482 966 2547 (XVI
979 2482 1036 2531 cod.
1053 2489 1116 2530 teste
1133 2481 1215 2530 Keilio
1232 2481 1249 2529 l.
1264 2481 1280 2528 l.

171 2568 198 2617 p.
216 2551 278 2606 625.
297 2553 332 2600 Vl
351 2550 380 2601 0.
402 2550 555 2616 Muellerus)
579 2553 661 2601 Varro
678 2552 710 2601 de
727 2552 756 2600 Li
777 2551 806 2599 L.
829 2552 864 2600 Vl
877 2551 912 2602 82
925 2551 960 2600 Μ.
988 2553 1119 2615 ‘spectare
1137 2550 1232 2600 dictum
1250 2551 1282 2598 ab

171 2622 285 2686 specio
303 2622 423 2683 antiquo,
443 2636 492 2683 quo
509 2623 585 2670 etiem
604 2623 702 2671 Ennius
722 2634 797 2670 usus:
823 2634 881 2670 uos
901 2620 996 2686 epulo
1016 2629 1187 2686 postquam
1207 2635 1282 2686 spe-

170 2691 235 2739 xit)
306 2690 332 2738 X
356 2689 501 2740 Macrobius
525 2691 580 2743 Sat.
595 2692 656 2741 Vll
679 2707 705 2756 p.
724 2689 775 2740 499
790 2690 848 2739 lan.
874 2693 987 2740 ‘summa
1009 2691 1123 2738 nituntur
1143 2703 1222 2754 opum
1245 2689 1281 2738 ui.

171 2757 249 2824 [Aen.
259 2759 306 2808 Xll
316 2757 377 2823 55⁶2]
391 2760 489 2809 Ennius
498 2762 524 2809 in
535 2767 637 2823 quarto:
657 2759 702 2824 [V]
716 2761 778 2808 etin
792 2759 1040 2810 sextodecimo..)
1055 2759 1158 2824 (XVI⁰‚
1172 2773 1222 2808 om.
1237 2759 1282 2818 iu,

171 2826 282 2892 Selisb.)
301 2827 340 2876 of.
355 2829 392 2877 IV
402 2828 434 2878 Ir.
446 2831 468 2877 V
538 2830 573 2879 XI
587 2829 684 2879 Nonius
694 2828 788 2895 patu,
798 2829 829 2879 12
846 2830 976 2894 ‘pigret
994 2830 1091 2878 Ennius
1103 2828 1148 2877 lib.
1160 2828 1220 2878 XVI
1233 2829 1281 2876 ...¹

171 2897 257 2963 (XVII
269 2897 373 2957 Aldina,
390 2895 495 2960 lunius)
565 2899 613 2949 XII
631 2899 775 2948 Priscianus
793 2900 816 2948 V
834 2914 860 2964 p.
874 2897 925 2949 647
938 2899 965 2947 P.
989 2898 1013 2963 (I
1026 2914 1052 2964 p.
1067 2897 1117 2948 179
1129 2896 1175 2961 X.)
1197 2902 1283 2948 ‘acer

172 2974 197 3016 et
212 2967 311 3026 sleoer,
331 2966 435 3016 saluber
456 2976 480 3016 et
498 2967 599 3018 celeber
617 2969 734 3031 quemuis
749 2967 841 3017 alacris
854 2976 879 3017 et
893 2969 959 3018 acris
976 2968 1127 3033 plerumque
1146 2965 1241 3017 iaciant
1259 2977 1284 3017 et

172 3035 283 3084 salubris
295 3043 320 3085 et
333 3035 442 3086 celebrIs
454 3036 589 3098 Iemiuiue,
610 3039 635 3086 in
650 3046 755 3099 utraque
768 3046 853 3087 tamen
864 3039 1041 3088 termirratimre
1053 3039 1194 3087 commqus
1208 3038 1283 3086 etiam

172 3107 274 3171 generIs
293 3106 456 3154 inueniuntur
469 3106 570 3170 prolate
584 3134 619 3144 —
632 3135 667 3144 -·-
689 3108 785 3156 Ennius
799 3109 826 3156 iu
837 3107 899 3157 XVI
914 3109 965 3156 ...'
994 3107 1099 3156 Seruius
1117 3109 1143 3156 iu
1161 3107 1225 3156 Aen.
1248 3107 1283 3154 VI

171 3175 223 3225 685
247 3174 293 3224 ‘de
312 3175 434 3225 leminiuo
453 3176 537 3224 alacer
554 3185 579 3225 et
597 3191 670 3226 acer
687 3192 824 3238 numquam
842 3177 965 3236 dicimus,
983 3177 1042 3225 licet
1060 3176 1157 3225 Ennius
1177 3175 1282 3224 dixerite

172 3246 305 3294 aestetem'
315 3261 339 3296 e.
347 3261 371 3306 q.
379 3259 400 3294 s.
418 3243 523 3294 Seruius
532 3246 602 3294 Artis
611 3262 637 3311 p.
644 3245 696 3296 489
701 3246 776 3294 Liud.
790 3246 928 3308 ‘quaeritur
937 3256 1021 3294 utrum
1030 3246 1115 3294 acris
1126 3245 1241 3295 dicamus
1251 3259 1283 3293 un

173 3329 239 3363 acer.
268 3315 364 3363 Ennius
378 3315 447 3364 enlm
466 3314 544 3364 dixit:
570 3324 643 3379 post
663 3331 735 3365 acer
752 3315 896 3380 hiemps)
967 3315 1025 3365 XIII
1037 3315 1127 3365 Festus
1140 3330 1167 3380 p.
1181 3313 1235 3364 «193
1248 3314 1283 3369 M.

173 3384 366 3448 ‘obstIpum’
386 3384 562 3448 (obstitum
581 3386 638 3438 cod.
658 3393 683 3434 et
697 3383 806 3448 Paulus)
826 3384 981 3448 ‘obliquum
1006 3385 1103 3434 Ennius
1121 3385 1139 3434 l.
1158 3385 1221 3435 XVI
1236 3384 1282 3432 ...’

242 3453 304 3502 XIV
316 3453 406 3502 Festus
419 3468 445 3517 p.
457 3451 509 3505 375
522 3455 556 3504 Μ.
576 3457 740 3522 ‘ungerem
755 3469 802 3520 pro
816 3455 914 3521 uagitu.
935 3455 1032 3505 Ennius
1044 3456 1072 3504 li.
1085 3455 1148 3504 XVI
1162 3455 1213 3504 ...’

174 3650 263 3707 Rern.
299 3651 342 3722 Cf.
361 3652 601 3714 Lucretius155‘l
625 3661 695 3727 ‘qua
705 3662 824 3730 propter
838 3657 919 3728 lonpa
936 3658 990 3712 diei
1003 3654 1117 3727 Infinita
1131 3662 1208 3711 aecus
1222 3659 1285 3710 ante

173 3738 231 3790 acti
242 3738 373 3807 temporis
390 3740 491 3792 omnts'
597 3743 649 3798 402
668 3757 739 3811 quos
761 3741 808 3794 ubi
822 3757 874 3795 rex
889 3742 1011 3812 populos
1025 3742 1129 3811 spexit]
1150 3757 1222 3811 quos
1238 3741 1284 3796 ubi

174 3835 225 3875 rex
302 3822 348 3875 ulo
364 3821 457 3894 spexit
469 3823 528 3877 cod.
546 3823 629 3878 Festi.
652 3842 705 3879 uos
727 3825 809 3895 epulo
830 3833 980 3897 postquam
995 3826 1086 3896 spexit
1107 3824 1212 3890 Varro,
1232 3827 1284 3880 rol.

173 3923 226 3960 om.
315 3908 443 3962 cuntibus
456 3907 563 3962 Festus.
577 3911 717 3964 montibus
731 3907 898 3981 Pomponius
912 3911 1013 3966 Laetus
1118 3915 1171 3970 403
1186 3917 1285 3982 qurent

72 3991 86 4004 '
174 3989 265 4060 Neap.
372 3996 424 4050 405
441 3998 580 4062 potestate
596 3991 673 4048 heim
776 3999 828 4054 406
848 4002 966 4050 aetatem
981 3995 1093 4050 Caeseti.
1110 3994 1203 4050 Seruii

175 4075 300 4146 sequitur
321 4085 373 4131 om'.
396 4075 513 4132 Seruius
596 4077 706 4150 hiemps
728 4078 797 4151 aeq.
818 4097 855 4133 m.
872 4098 923 4152 pr.
948 4079 1037 4134 Bern.
1058 4078 1149 4134 Prisc.
1173 4079 1286 4135 Caeseti.

175 4157 275 4230 Seruii,
287 4158 403 4216 Seruius
411 4161 439 4214 in
451 4160 528 4216 Arte.
539 4161 630 4218 hiems
643 4165 729 4219 ceteri
811 4163 841 4217 fit
855 4165 921 4219 odd.
933 4162 1027 4219 Seruii
1040 4163 1102 4218 edd.
1119 4164 1153 4218 sit
1165 4163 1285 4230 Oussell„

81 4309 85 4314 ι
175 4259 228 4297 om.
248 4247 333 4300 ceteri
435 4248 488 4304 407
508 4247 625 4317 obstIpis
643 4247 780 4320 Gesanr‘us.
799 4249 907 4304 obstitis
924 4249 985 4303 cod.
1106 4253 1160 4308 408
1179 4251 1286 4304 clamor

175 4328 236 4383 cod.
252 4329 359 4384 clamos
374 4332 433 4386 siue
445 4332 569 4387 clamore
582 4330 780 4389 locbmonoue
793 4334 831 4388 ad
841 4334 927 4390 Lucr.
949 4333 993 4391 VI
1006 4339 1073 4394 126⁰
