2984 5032
265 462 316 512 LII
663 447 975 517 QVAESTIONES

266 619 404 678 Romanis
426 618 557 674 extructa
580 611 723 686 cogitant:
755 628 810 688 qua
833 629 865 670 re
886 609 1014 686 Merula,
1042 612 1090 688 qui
1110 629 1126 671 a
1147 613 1296 691 septimo,
1327 629 1392 671 non

266 733 295 781 ut
317 719 457 780 Columna
485 725 625 790 ascuto,
655 735 690 776 ea
718 715 798 775 bella
825 718 956 794 incipere
979 719 1092 792 statuit,
1122 726 1228 778 mutato
1249 736 1391 777 numero

264 827 294 885 in
316 843 380 884 eum
402 822 506 882 librum
521 821 664 880 transtulit
679 821 880 896 fragmentum.
918 821 983 895 Quo
1000 822 1067 899 quid
1085 821 1194 881 Ennius
1211 825 1391 898 exornarit‚

266 931 359 1008 potuit
388 946 452 988 cum
479 929 504 986 is
524 944 609 1005 quem
633 927 697 1003 ipse
721 935 839 984 secutus
862 936 906 985 est
926 925 1085 1002 Homerus,
1116 936 1173 986 tum
1195 929 1306 986 relicui
1335 928 1391 1004 qui

264 1034 358 1093 simile
374 1050 508 1092 uersuum
522 1038 718 1090 oruamentum
730 1028 921 1090 adhibuerunt
934 1037 1040 1108 poetae
1054 1033 1237 1109 posteriores
1249 1031 1390 1090 docere.

264 1137 365 1214 ltaque
380 1136 522 1196 Homerus
538 1137 587 1210 ait,
604 1134 643 1193 ibi
657 1132 705 1193 ubi
721 1134 749 1192 in
765 1135 867 1194 funere
883 1136 1010 1196 Patrocli
1026 1145 1158 1196 uersatur
1171 1134 1225 1212 Ι(11.
1245 1139 1280 1194 Ψ
1299 1135 1389 1211 114)

265 1241 296 1300 oi
315 1231 344 1300 δ’
367 1240 436 1301 ἴσαν
454 1233 614 1318 ὑλοτόμους
635 1237 772 1310 πελέκεας
794 1237 826 1298 ἐν
847 1237 944 1318 χερσ1ν
965 1239 1076 1318 ἔχοντες
1089 1233 1198 1320 Sapie
1217 1229 1244 1298 τ’
1268 1229 1389 1297 εὐπλέ-

265 1361 373 1416 κτους·
394 1341 452 1424 πρὸ
470 1335 498 1404 δ’
520 1335 570 1422 ἄρ’
592 1333 697 1421 οὐρῆες
711 1344 778 1401 κίον
793 1333 905 1402 αὐτῶν·
941 1337 1046 1404 Πολλὰ
1062 1335 1093 1405 δ’
1110 1338 1224 1404 ἄναντα
1239 1337 1389 1420 κάταντα

264 1441 401 1529 πάραντά
427 1469 456 1508 τε
487 1441 592 1526 δόχμιά
621 1438 646 1506 τ’
670 1430 777 1522 ἦλθον.
819 1438 899 1506 ’Ati'
931 1439 977 1506 ὅτε
1006 1440 1043 1524 δὴ
1068 1441 1200 1526 κνημοὺς
1220 1444 1388 1524 προσέβαν

263 1553 463 1623 πολυπίδακος
482 1547 578 1630 Ἴδης,
609 1539 715 1612 Adrin'
743 1543 801 1628 ἄρα
825 1549 897 1628 δρῦς
917 1544 1087 1629 υψικόμονς
1104 1544 1246 1627 ταναήκεϊ
1270 1551 1387 1630 χαλκῷ

266 1651 388 1734 Τάμνον
407 1649 603 1735 ἐπειγόμενοι·
627 1653 675 1713 ταὶ
698 1651 730 1713 δὲ
749 1647 861 1732 μεγάλα
875 1653 1054 1716 κτυπέουσαι
1072 1660 1191 1715 Πῖπτον
1206 1657 1266 1714 κτλ.
1306 1652 1385 1724 Quo

264 1761 385 1820 artificio
409 1759 454 1818 bis
476 1777 546 1818 usus
569 1767 614 1817 est
635 1759 801 1834 Vergilius,
824 1767 853 1817 et
876 1758 912 1817 de
936 1761 1085 1838 sepultura
1107 1759 1211 1818 Miseni
1232 1758 1310 1817 Aen.
1339 1756 1385 1815 vt

266 1863 344 1938 179,
375 1881 462 1941 quem
487 1863 584 1921 locum
614 1881 678 1922 cum
705 1861 842 1920 Ennianis
863 1864 998 1923 uersibus
1020 1863 1185 1923 Macrobius
1203 1864 1265 1922 Sat.
1288 1861 1335 1920 Vl
1361 1859 1383 1918 2

264 1984 292 2043 p.
316 1966 377 2026 513
400 1966 464 2032 ian.
493 1969 674 2046 composuit,
705 1967 796 2026 etde
821 1983 896 2043 rogo
926 1966 1064 2026 Pallantis
1095 1968 1185 2046 (Aen.
1208 1965 1251 2027 111
1275 1965 1378 2044 134);

262 2089 315 2144 per
347 2077 435 2130 citone
466 2077 568 2132 Teucri
595 2078 726 2148 maneque
755 2079 859 2146 inpune
885 2077 978 2131 Latini
1003 2075 1149 2130 Errooere
1175 2078 1254 2149 iopas.
1288 2076 1381 2147 ferro

262 2185 344 2234 conat
363 2181 421 2234 olto
447 2161 557 2252 bipenni
575 2181 735 2235 Fraxinus:
765 2183 893 2234 enerlnnt
914 2185 993 2233 actae
1018 2179 1057 2234 od
1072 2181 1166 2234 sidera
1181 2182 1283 2252 pinne,
1314 2180 1380 2234 Ro-

264 2283 331 2338 bora
348 2299 399 2339 nec
419 2287 512 2340 cancie
534 2287 689 2340 eicientem
711 2285 838 2339 scindere
856 2284 980 2341 cedrum.
1025 2283 1082 2339 Nec
1101 2285 1238 2355 planstris
1261 2291 1380 2340 cessant

263 2393 377 2443 nectare
397 2390 562 2460 ponentibus
588 2404 681 2445 ornos.
726 2384 829 2462 Neque
850 2382 886 2441 ah
908 2401 942 2442 ca
967 2382 1058 2443 forma
1084 2386 1245 2463 principum
1267 2393 1375 2464 poeta-

263 2505 324 2546 rum
348 2506 401 2547 usu
427 2492 509 2568 quasi
535 2492 645 2551 sancita
667 2499 715 2550 aut
737 2488 825 2548 Silius
846 2485 874 2544 X
895 2485 956 2546 529
977 2487 1013 2547 de
1036 2489 1152 2549 Aemilii
1171 2490 1251 2550 Pauli
1273 2499 1376 2567 (spar-

262 2613 345 2668 soque
378 2602 550 2670 Propinquus
582 2601 696 2671 Apmine
722 2602 906 2669 prosternunt
935 2598 1025 2666 ῑκοοε,
1059 2605 1141 2653 sonat
1165 2605 1229 2654 ecto
1260 2601 1377 2671 bipenni

262 2701 416 2756 Frondosie
433 2704 505 2757 nilne
527 2705 583 2758 nlla
604 2705 673 2774 inpie
691 2715 718 2757 e.
732 2715 759 2773 q,
773 2698 815 2774 s.)
844 2704 892 2755 atil
912 2696 1019 2756 Statius
1037 2696 1186 2758 Thebaide
1206 2699 1246 2760 Vi
1268 2701 1307 2760 90
1331 2703 1372 2761 de

262 2799 436 2860 Archemori
462 2802 564 2862 funere
586 2808 732 2873 (sternitur
758 2806 894 2875 extemplo
921 2814 1027 2862 neteres
1052 2808 1163 2863 ineidna
1188 2809 1269 2880 ferro
1290 2808 1372 2864 Silua

262 2923 356 2964 comae
371 2923 398 2963 e.
414 2924 443 2983 q.
459 2908 499 2985 s.)
516 2907 645 2967 deflexit.
689 2904 789 2981 ltaque
811 2905 871 2964 noli
893 2904 1035 2981 dubitare,
1059 2909 1126 2984 quin
1141 2908 1226 2968 Ennii
1249 2927 1369 2987 quoque

262 3025 365 3066 uersus
390 3007 431 3067 illi
461 3009 496 3070 ad
520 3026 623 3087 rogum
649 3010 677 3067 in
706 3024 742 3066 eo
772 3009 886 3086 proelio
909 3027 1062 3070 caesorum
1084 3015 1263 3090 pertineant,
1291 3031 1369 3091 quoe

262 3111 389 3186 Pyrrhus
404 3120 461 3172 tam
477 3131 546 3174 suos
563 3134 646 3194 quam
662 3115 809 3173 Romanos
823 3118 1002 3175 concremari
1016 3117 1107 3178 iussit.
1129 3114 1174 3179 ot.
1187 3115 1292 3175 Florus
1306 3116 1326 3175 l.
1347 3117 1366 3174 l.

261 3197 435 3292 interemptos
454 3227 590 3279 cremauit
609 3230 638 3279 et
659 3219 816 3296 Eutropius
838 3218 866 3278 ll
888 3220 907 3280 6
936 3239 1032 3281 οαοεοε
1060 3227 1192 3297 εοροῑὴιὶι,
1237 3219 1366 3280 Niebuh-

261 3321 320 3378 rius
356 3320 429 3380 liist.
464 3321 546 3382 llonr.
578 3323 617 3383 111
646 3323 718 3383 559.
780 3324 850 3383 Post
888 3341 951 3382 eam
985 3342 1109 3403 pugnam
1144 3325 1271 3400 Pyrrhus
1305 3343 1365 3384 me·

259 3424 431 3484 morabilem
467 3443 551 3501 quam
577 3424 698 3485 Orosius
717 3426 791 3488 1v1
817 3429 1001 3488 conseruauit
1031 3431 1249 3508 inscriptionem
1279 3429 1364 3509 (ΧΠ)

262 3529 290 3586 in
329 3527 439 3604 templo
471 3526 549 3587 louis
579 3529 725 3588 Tarentini
754 3531 863 3596 adfixit.
921 3532 997 3592 Dein
1034 3535 1145 3611 legati,
1181 3536 1256 3594 inter
1290 3551 1364 3613 quos

260 3629 427 3707 Fabricius,
455 3633 491 3692 de
511 3635 685 3695 redimendis
709 3637 830 3713 captiuis
852 3635 889 3695 ad
910 3636 1049 3711 Pyrrhum
1071 3640 1230 3700 mittuntur:
1259 3640 1364 3700 redditi

260 3735 324 3793 sine
345 3737 439 3813 pretio
463 3737 563 3819 (Xlll)
587 3741 738 3800 ‘redinunt
756 3743 784 3799 in
805 3741 955 3819 patriam',
979 3750 1009 3800 ut
1025 3744 1063 3801 ait
1081 3742 1189 3803 Ennius
1209 3743 1280 3819 (inc.
1299 3742 1361 3801 sed.

260 3836 386 3918 xvttltz
407 3859 577 3918 quamquam
597 3843 633 3902 de
653 3847 716 3903 eius
734 3845 806 3904 sede
829 3844 966 3903 uersiculi
988 3845 1056 3905 nihil
1077 3846 1196 3906 adlirmo
1217 3848 1360 3908 conliden-

258 3941 324 4005 tius,
363 3939 514 4003 liberatos
534 3953 629 4004 autem
648 3949 710 4005 sinc
734 3949 828 4024 pretio
855 3950 987 4026 captiuos
1003 3948 1098 4010 Liuius
1119 3969 1256 4029 quoque,
1281 3953 1361 4010 cuius

259 4048 385 4106 narratio
399 4066 415 4106 e
431 4049 571 4126 periocha
582 4047 661 4125 Xlll‚
681 4050 798 4110 ellloro
811 4052 840 4129 (l
856 4052 892 4112 13
905 4071 933 4129 p.
942 4053 981 4114 24
994 4055 1097 4134 Jahn.)
1112 4055 1255 4134 Eutropio
1269 4055 1359 4136 (117)

259 4148 380 4212 Aurelio
392 4153 512 4213 Victore
530 4155 582 4232 (tle
597 4156 651 4214 uir.
667 4155 716 4220 inl.
729 4157 785 4235 35)
804 4156 941 4235 hauritur,
959 4169 988 4218 et
999 4160 1122 4218 Dionem
1137 4168 1255 4219 secutos
1268 4158 1359 4218 Zona·

199 4257 203 4262 '
259 4271 306 4314 ras
326 4255 431 4318 V1114
454 4277 482 4336 p.
504 4261 562 4319 116
578 4261 624 4320 ed.
638 4259 728 4320 Boon.
746 4263 963 4338 perhibuerunt.
1008 4261 1116 4324 Contra
1130 4263 1299 4341 Dionysius,
1322 4266 1358 4324 si-
