3112 5040
684 457 918 516 nnuntlvtt

747 623 861 694 XIV*

284 763 323 822 15
349 801 607 820 .....
660 745 791 816 memini
813 767 865 814 me
888 744 968 814 fiere
990 763 1123 834 pauum.

755 863 821 932 XV
837 862 853 898 *

351 968 456 1041 Lunai
475 971 623 1060 portum,
648 971 699 1037 est
721 989 860 1058 operae,
889 963 1082 1056 cognoscite
1104 961 1206 1031 ciues

842 1083 858 1120 a

353 1188 437 1260 oum
454 1191 548 1260 ueter
567 1189 720 1260 occubuit
736 1085 889 1258 1111111111
908 1186 971 1256 sub
989 1184 1094 1254 Marte
1115 1182 1262 1274 Pelasgo

250 1391 348 1442 Ennius
367 1397 486 1438 terram
505 1401 623 1454 corpus
644 1402 724 1451 quae
750 1387 877 1438 dederit
898 1387 1001 1451 ipsam
1023 1401 1139 1450 capere
1160 1399 1264 1447 neque
1294 1383 1364 1432 dis·

250 1460 348 1526 pendi
361 1459 473 1509 facere
486 1457 605 1507 bitum!
624 1455 715 1522 (esse
730 1465 853 1506 terram
867 1456 949 1505 Haun.
980 1455 1109 1505 dederit
1123 1453 1247 1519 Scaliger.
1265 1453 1363 1518 depe-

251 1529 374 1578 ritl'lor.
390 1526 512 1576 Pauab.
531 1523 862 1592 peperitGotb.Haun.)
895 1525 993 1574 Ibidem
1012 1523 1144 1574 VlllM.
1171 1522 1240 1572 ‘hila
1258 1522 1289 1570 ab
1309 1521 1363 1570 hilo

250 1599 332 1656 dicta,
352 1597 420 1659 quod
435 1597 470 1645 ait
485 1597 594 1645 Ennius:
615 1597 709 1658 neque’
729 1611 752 1645 e.
768 1611 793 1657 q.
810 1610 831 1644 s.
862 1594 961 1644 Ibidem
976 1594 1012 1642 lX
1025 1595 1058 1644 54
1071 1594 1104 1642 Μ.
1126 1592 1186 1642 ‘sed
1200 1593 1226 1641 in
1240 1590 1304 1639 nihil
1317 1604 1364 1639 uo-

251 1666 370 1717 cabulum
388 1673 457 1715 recto
472 1679 534 1714 casu
548 1673 656 1732 apparet
669 1667 696 1714 in
711 1664 772 1714 hoc:
793 1665 871 1728 quae’
891 1680 914 1713 e.
931 1679 956 1725 q.
973 1679 994 1712 s.
1020 1663 1103 1726 ‘quod
1117 1663 1186 1711 ualet
1200 1677 1246 1710 nec
1260 1660 1366 1725 dispeu-

250 1738 287 1787 dii
307 1736 368 1786 facit
390 1735 545 1797 quicquam!
616 1733 677 1784 XlV
701 1733 859 1784 Charisiusl
879 1748 906 1798 p.
920 1734 954 1782 75
971 1732 999 1781 P.
1025 1733 1073 1797 (55
1092 1729 1183 1794 Lind.)
1208 1734 1322 1796 ‘panos
1341 1736 1368 1778 et

251 1819 328 1872 pauo.
354 1805 464 1853 Ennius:
481 1803 598 1852 memini’
613 1819 636 1852 e.
651 1819 676 1865 q.
691 1819 713 1852 s.
741 1803 857 1853 Donatus
871 1803 896 1850 ln
905 1801 963 1851 Ter.
981 1801 1061 1850 Andr.
1073 1802 1132 1860 115,
1147 1799 1177 1850 18
1195 1800 1313 1849 ‘memini
1324 1799 1369 1847 ui-

252 1875 312 1925 dere
327 1872 493 1938 prouidisse.
527 1872 637 1921 Ennius:
655 1873 772 1922 memini'
793 1888 816 1921 e.
833 1888 858 1934 q.
875 1887 897 1920 s.
930 1871 1111 1920 ldemiuTer.
1132 1868 1242 1934 Adelph.
1266 1870 1315 1928 12,
1331 1869 1369 1919 26

253 1943 370 1993 ‘lieret
390 1941 515 2007 producta
534 1943 618 2006 prima
634 1941 742 2005 syllaba.
773 1942 883 1990 Ennius:
903 1941 1019 1990 memini’
1041 1955 1064 1990 e.
1079 1955 1104 2002 q.
1118 1955 1139 1989 a.
1176 1939 1247 1988 idem
1262 1939 1288 1988 in
1305 1938 1366 1988 Ter.

253 2012 355 2062 Phorm.
370 2013 381 2061 1
396 2014 422 2071 2,
436 2012 470 2062 24
497 2014 535 2060 ‘et
549 2011 679 2060 siodixit:
703 2011 807 2060 memini
826 2010 953 2072 relinqui,
979 2016 1006 2058 ut
1026 2011 1052 2058 in
1068 2009 1179 2058 Andria:
1205 2008 1310 2057 memini
1324 2023 1368 2058 me

253 2083 351 2132 uidere.
385 2081 430 2130 Et:
449 2081 566 2130 memini’
584 2096 607 2129 e.
623 2096 647 2143 q.
665 2096 686 2129 s.
706 2081 834 2130 ‘Ennius'
864 2079 1036 2128 Tertullianus
1049 2080 1081 2129 de
1096 2093 1139 2128 an.
1153 2094 1175 2126 c.
1186 2075 1220 2128 33
1236 2092 1262 2142 p.
1277 2075 1366 2128 3361)

253 2151 348 2216 Rigalt.
375 2153 507 2216 ‘panum
525 2165 558 2198 se
578 2149 723 2198 meminit
741 2149 897 2198 Homerus
912 2149 1013 2198 Ennio
1032 2147 1238 2198 somniante)
1267 2147 1367 2196 ibidem

252 2237 274 2270 o.
287 2219 321 2270 34
333 2235 359 2284 p.
368 2217 445 2269 337ss
457 2218 555 2282 Rigalt.
582 2218 646 2269 ‘sed
658 2219 802 2268 necessarie
816 2217 882 2266 hano
894 2232 996 2280 quoque
1010 2217 1122 2283 speciem
1136 2217 1267 2266 intulimus
1282 2224 1306 2265 et
1320 2231 1367 2264 ex-

251 2290 390 2347 clusimus,
415 2295 443 2336 nt
460 2288 635 2352 superioribus
654 2288 843 2346 cohaerentem,
863 2301 913 2350 quo
926 2287 1033 2352 perinde
1052 2288 1083 2335 iu
1103 2300 1188 2351 pauo
1210 2285 1367 2334 retunde-

253 2365 343 2408 retur
356 2357 524 2416 Homerus,
550 2358 616 2406 sicut
633 2357 660 2405 in
673 2357 819 2422 Pythagora
835 2356 1007 2421 Euphorbus!
1039 2355 1079 2406 Cf.
1095 2355 1204 2405 eundem
1225 2355 1257 2404 de
1271 2369 1365 2404 resurr.

253 2445 276 2478 c.
291 2427 302 2477 l
318 2425 548 2492 parasangas.
574 2426 717 2490 Porphyrio
737 2428 763 2475 in
783 2426 843 2474 Hor.
864 2425 914 2490 Ep.
930 2427 953 2474 ll
969 2426 992 2484 l,
1005 2425 1039 2476 50
1062 2425 1174 2474 ‘Ennius
1192 2426 1217 2473 in
1238 2425 1367 2489 principio

253 2497 383 2548 annalium
408 2510 512 2545 snorum
538 2495 637 2545 somnio
662 2512 690 2545 se
713 2495 816 2560 scripsit
836 2495 994 2544 admonitum
1020 2495 1088 2557 quod
1114 2495 1253 2544 secundum
1272 2491 1368 2558 Pytha-

253 2581 331 2633 gorae
347 2567 441 2631 dogma
455 2566 540 2614 anima
552 2565 655 2614 Homeri
669 2565 694 2614 in
707 2580 781 2614 suum
796 2579 888 2630 corpus
904 2565 1035 2614 uenisset)
1067 2562 1153 2614 Schol.
1171 2565 1198 2612 iu
1215 2564 1295 2612 Persii
1311 2563 1365 2612 Sat.

253 2635 319 2702 prol.
334 2637 351 2685 2
376 2637 476 2684 ‘necin
495 2635 596 2700 bicipiti
614 2635 757 2684 somniasse
768 2635 892 2684 Parnasso
916 2670 945 2682 ..
963 2669 969 2682 .
991 2635 1073 2698 tangit
1091 2641 1176 2684 eutem
1195 2633 1303 2682 Ennium
1323 2634 1366 2696 qui

253 2705 316 2756 dicit
331 2720 359 2754 se
375 2704 472 2752 uidisse
486 2704 637 2754 somniando
657 2704 684 2751 in
699 2705 824 2752 Parnasso
837 2705 973 2753 Homerum
988 2702 1037 2752 sibi
1052 2703 1195 2760 dicentem,
1223 2703 1291 2764 quod
1312 2703 1367 2752 eius

253 2775 339 2823 anima
352 2774 379 2821 in
393 2787 440 2821 suo
455 2780 523 2821 esset
536 2773 661 2837 corpore’
692 2773 730 2822 ef.
746 2772 1020 2822 scrutationem.
1035 2773 1045 2820 l
1060 2772 1102 2832 28,
1120 2772 1160 2824 10.
1181 2773 1228 2836 Ep.
1246 2773 1268 2820 ll
1285 2771 1308 2832 l,
1323 2773 1365 2823 50.

253 2841 340 2892 Schol.
359 2841 386 2890 in
403 2841 466 2891 Stat.
488 2841 569 2892 Theb.
588 2840 687 2892 111484
757 2842 806 2892 XV
829 2843 930 2892 Persius
946 2841 1000 2892 Sat.
1019 2841 1085 2892 V19
1111 2843 1242 2890 ‘Lunai’
1262 2858 1285 2891 e.
1303 2857 1328 2903 q.
1344 2857 1366 2890 a.

254 2912 318 2962 ‘Gor
337 2911 407 2960 iubet
421 2912 470 2960 hoc
483 2911 548 2960 Enni
563 2919 699 2975 postquam
713 2912 845 2964 destertuit
865 2927 922 2962 esse
937 2912 1085 2962 Maeonides
1100 2911 1206 2970 Quintus
1219 2925 1319 2976 panone
1335 2926 1368 2960 ex

253 2980 431 3045 Pythagoreo)
458 2979 544 3029 Sohol.
560 2980 593 3028 ad
609 2980 635 3029 h.
651 2980 668 3029 l.
690 2981 743 3029 ‘sic
758 2982 827 3030 euim
840 2981 876 3030 ait
888 2982 985 3030 Ennius
997 2981 1024 3029 in
1037 2981 1167 3032 annalium
1179 2994 1282 3030 suorum
1298 2982 1368 3045 prin-

253 3050 337 3115 cipio,
353 3048 398 3098 ubi
410 3063 438 3098 se
450 3049 513 3098 dicit
528 3048 627 3098 uidisse
641 3050 668 3098 iu
683 3051 780 3099 somnis
795 3051 932 3099 Homerum
943 3050 1078 3110 dicentem,
1099 3051 1179 3100 luisse
1196 3065 1223 3099 se
1239 3049 1368 3112 quondam

253 3133 394 3186 pauonem,
415 3127 485 3169 etex
500 3132 530 3168 eo
545 3118 765 3170 translatumesse
783 3121 894 3170 animam
909 3121 936 3169 in
948 3121 989 3170 se’
1010 3135 1033 3170 e.
1045 3137 1070 3183 q.
1081 3137 1103 3170 s.
1175 3119 1237 3168 XVI
1258 3119 1367 3170 Priscin-

254 3297 295 3350 ira
307 3294 376 3349 libri.
393 3295 440 3350 illa
452 3291 577 3364 Scoliycr
653 3291 727 3363 capit
742 3289 877 3364 Scaliger.
894 3299 978 3364 caput
992 3292 1056 3348 libri
1131 3293 1273 3365 dispendii
1288 3295 1367 3350 P'lor.

260 3380 348 3436 Vlll
456 3383 489 3436 15
516 3377 585 3430 fiere
607 3378 709 3448 scripsi
728 3391 789 3430 cum
809 3377 848 3432 H.
869 3375 989 3449 Ilbcrpr'o
1011 3378 1084 3434 conl.
1105 3379 1138 3434 X
1148 3378 1191 3450 [ν.
1214 3380 1246 3434 Χ
1251 3379 1283 3434 V.
1307 3379 1367 3434 lieri

253 3463 428 3534 exemplaria
516 3461 641 3523 meminit
651 3477 695 3514 me
708 3456 767 3536 (ine
779 3462 854 3528 cod.)
868 3463 887 3516 1.
901 3479 1006 3533 panum
1022 3463 1081 3518 cod.
1095 3470 1120 3518 ct
1131 3463 1173 3518 ed.
1185 3481 1233 3534 pr.
1241 3464 1369 3520 Chordii.

253 3548 357 3606 Donati
368 3545 491 3600 Andria.-
519 3546 633 3600 memini
654 3561 697 3600 me
713 3563 797 3618 quum
821 3547 840 3600 1.
853 3562 958 3618 panum
973 3545 1047 3601 Pitb.
1065 3548 1206 3602 memini
1224 3565 1267 3602 me
1285 3565 1367 3619 quam

255 3635 274 3688 1.
294 3647 397 3703 panum
419 3627 551 3700 (pauidid
564 3628 674 3696 Pano)
695 3630 764 3686 Par.
777 3647 796 3685 o
807 3631 833 3686 b.
848 3631 962 3686 memini
978 3647 1022 3684 me
1038 3629 1065 3702 q*
1086 3633 1104 3686 1.
1121 3631 1255 3702 pauidum
1278 3633 1368 3688 Gand.

254 3717 341 3790 Luqd.
363 3731 425 3772 cum
444 3714 507 3769 cdd.
529 3720 583 3769 uel.
605 3714 753 3788 Adelphis.-
781 3733 825 3770 me
846 3715 959 3770 minime
983 3717 1002 3769 1.
1026 3732 1130 3786 panum
1151 3715 1223 3772 Per.
1243 3735 1261 3771 a
1279 3717 1368 3790 Lupd.

254 3802 368 3858 minime
384 3800 497 3854 nomine
520 3800 580 3868 (uel
593 3798 671 3867 noie)
695 3801 712 3855 1.
728 3818 846 3872 prauum
863 3801 922 3868 (uel
931 3803 1063 3871 paruum)
1074 3801 1228 3872 pleraeque
1242 3801 1304 3860 cdd.
1315 3809 1368 3856 uel.

255 3887 367 3940 minime
385 3885 403 3938 1.
418 3899 536 3954 prauum
551 3900 595 3938 me
611 3884 780 3940 calleant.
809 3883 991 3940 Phormione:
1014 3885 1127 3940 memini
1150 3901 1194 3938 me
1216 3887 1235 3939 1.
1251 3903 1369 3956 paruum

254 3974 355 4044 (puurn
367 3968 470 4041 Lugd.)
485 3967 573 4024 Gand.
585 3968 674 4041 Luqd.
686 3985 748 4024 cum
759 3968 821 4024 cdd.
835 3975 890 4023 uel.
906 3985 989 4040 quom
1006 3970 1119 4024 memini
1133 3969 1193 4024 lieri
1210 3987 1254 4024 me
1266 3987 1369 4042 pauom

254 4053 375 4110 Merula.
394 4053 571 4108 commemini
590 4052 649 4108 fieri
671 4070 717 4108 me
737 4069 839 4124 pauom
861 4067 876 4108 c
896 4053 1021 4110 Charisio
1043 4057 1131 4109 citans
1153 4053 1278 4126 Scob'pcr
1293 4055 1370 4111 Coei.

250 4142 327 4209 1126
434 4141 467 4195 16
490 4137 559 4192 Luni
581 4136 702 4208 Montep.
732 4137 793 4192 Vnt.
879 4145 1006 4209 precium
1028 4144 1071 4193 est
1087 4155 1172 4212 opere
1194 4156 1368 4210 cognoscere

256 4241 436 4298 lauresbem.
544 4245 578 4302 1⁷
599 4250 659 4298 uter
672 4242 777 4316 fraym-
793 4242 886 4300 Paris.
908 4246 968 4302 cod.
985 4249 1055 4305 7530
1139 4225 1256 4322 pelosio
1279 4247 1368 4303 Bern.

256 4326 393 4402 phelargo
411 4325 498 4399 Laod.
