2984 5048
603 376 955 436 TRAGOEDIARVM

690 542 869 620 TELAMO

774 684 788 754 1

327 904 411 997 ‘Ego
429 905 525 974 deum
545 926 655 997 genus
669 799 895 994 essrldfflsfflrper
913 901 981 971 dixi
999 904 1032 971 et
1050 900 1156 970 dicam
1172 897 1364 982 caelitum,

329 1005 397 1077 sed
430 1029 490 1078 eos
524 1030 591 1078 non
615 1008 732 1078 curare
758 1006 892 1098 opinor,
935 1003 1013 1098 qnid
1048 1006 1129 1095 egat
1157 1001 1363 1071 humanum

884 1129 1011 1198 genus:

240 1219 302 1284 355
329 1210 411 1282 Nam
438 1211 468 1282 si
491 1216 623 1296 curent,
659 1211 743 1282 bene
768 1210 863 1284 bonis
890 1209 949 1294 sit,
984 1207 1069 1278 mile
1099 1207 1210 1292 malis,
1249 1206 1359 1298 quod

846 1327 848 1332 ’
887 1311 975 1382 minc
997 1310 1101 1380 abest.

769 1413 797 1485 11

331 1531 398 1602 Se‘d
418 1500 639 1623 superstitidsi
659 1537 755 1604 uates
778 1533 1042 1626 {npudentesque
1059 1495 1163 1613 arioli,

329 1635 399 1704 nut
417 1635 538 1706 inertes
556 1637 613 1706 ant
630 1636 737 1706 insani
755 1640 812 1704 aut
830 1635 952 1728 quibus
969 1635 1105 1725 egestas
1126 1631 1275 1722 imperat,

332 1737 397 1820 Qut
415 1737 476 1806 sibi
495 1739 644 1808 semitam
662 1762 729 1809 non
750 1738 900 1830 sapiunt,
924 1735 1018 1806 alteri
1038 1734 1222 1804 monstrant
1239 1734 1350 1817 niam,

331 1840 459 1924 Quibus
490 1841 621 1911 diuitias
649 1842 864 1933 pdllicentur,
899 1839 940 1909 ab
968 1838 1017 1908 eis
1042 1836 1253 1908 drachumam
1279 1836 1354 1926 ipsi

242 2053 304 2114 360
333 2041 393 2136 [De
424 2043 476 2114 his
504 2044 626 2116 diuitiis
656 2044 719 2116 sini
745 1945 1167 2236 deducandetdlrldtclhumam,
1203 2040 1350 2110 reddant

891 2146 1010 2220 cetera.

749 2246 792 2317 lii
805 2245 821 2282 *

719 2365 853 2436 Telamo

332 2467 417 2560 ‘Ego
435 2489 510 2538 cum
528 2468 644 2560 genui,
665 2468 736 2538 tum
754 2467 931 2540 morituros
948 2465 1030 2536 sciui
1049 2468 1081 2534 et
1099 2465 1128 2534 ei
1146 2461 1193 2532 rei
1212 2461 1343 2531 sustuli.

265 2669 384 2718 Taurino
420 2667 540 2717 lGiccro
557 2668 590 2718 de
610 2668 663 2718 diu.
684 2671 705 2720 11
724 2671 768 2729 50,
788 2671 838 2722 104
868 2661 915 2720 “an
934 2676 1020 2718 noster
1039 2667 1155 2716 Ennius?
1184 2666 1227 2726 qui
1250 2678 1342 2729 magno

231 2737 325 2803 piausu
337 2738 447 2799 loquitur
460 2737 615 2788 assentiente
626 2740 722 2806 populo
740 2740 812 2806 [353.
827 2738 900 2804 354}
937 2740 968 2788 Et
986 2737 1090 2800 quidem
1108 2751 1152 2786 eur
1166 2735 1204 2784 sie
1216 2734 1343 2798 opinetur,

231 2808 355 2857 rationem
375 2807 477 2856 subicit.
512 2805 564 2856 Sed
579 2807 643 2856 nihii
657 2817 812 2860 estnecesse
826 2810 913 2860 dicere
929 2823 994 2870 quae
1010 2813 1161 2868 sequuntur:
1189 2811 1284 2852 tantum
1303 2810 1343 2852 sat

233 2883 271 2926 est
285 2876 415 2940 intellegi,
435 2875 463 2925 id
477 2891 577 2925 sumere
594 2877 658 2926 istos
675 2894 722 2942 pro
736 2888 820 2939 certo,
839 2878 907 2941 quod
919 2877 1025 2928 dubium
1038 2881 1278 2936 controuersumque
1290 2873 1341 2922 sit.'
1370 2895 1383 2910 ι

233 2945 303 2994 idern
320 2945 352 2993 de
370 2943 662 3005 nat.deor.11132,79
680 2947 799 2998 ‘Telamo
818 2956 902 2998 autern
919 2961 969 2996 uno
987 2958 1064 2995 uersu
1082 2951 1164 2994 totum
1184 2943 1266 2990 iocum
1283 2956 1342 2990 con-

233 3015 299 3073 ticit,
319 3028 364 3062 cur
383 3013 409 3062 di
429 3013 546 3064 homines
565 3015 702 3081 neglegant
722 3016 817 3083 [35513
850 3017 920 3066 tuem
939 3015 971 3066 de
990 3009 1306 3076 diu.158,132(cf.11)

270 3084 293 3132 11
311 3082 399 3134 Cicero
414 3085 447 3133 de
461 3083 515 3132 diu.
529 3085 540 3133 Ι
556 3082 599 3143 58,
614 3084 662 3136 132
682 3088 763 3136 ‘nuno
778 3086 823 3136 illu
839 3086 965 3145 testabor,
984 3099 1034 3133 non
1053 3098 1093 3132 me
1112 3081 1248 3147 sortilegos
1261 3095 1341 3142 neque

233 3168 291 3214 eos,
311 3153 355 3215 qni
368 3160 488 3216 quaestus
500 3168 578 3203 eausa
590 3155 729 3206 ariolantur
794 3169 942 3222 agnoscere.
975 3153 1031 3204 Non
1043 3152 1125 3202 habeo
1145 3149 1255 3212 deniqne
1269 3151 1340 3198 nauci

228 3223 345 3271 Marsum
368 3238 505 3288 augurem,
531 3237 580 3274 non
599 3225 705 3276 uicenos
727 3227 874 3291 aruspices,
899 3239 950 3274 nou
971 3223 1003 3273 de
1023 3223 1090 3272 circo
1113 3220 1267 3285 astrologos,
1292 3233 1339 3267 non

233 3292 330 3340 Isiacos
356 3292 525 3351 coniectores,
555 3308 604 3342 non
627 3295 777 3360 interpretes
799 3295 965 3345 somniorum.
1002 3291 1059 3342 Non
1084 3292 1152 3340 enim
1172 3297 1230 3340 suut
1250 3287 1276 3337 hi
1298 3297 1339 3338 aut

234 3361 396 3410 scientiaeaut
409 3369 463 3412 arte
478 3362 575 3428 diuini,
595 3363 650 3413 sed
664 3364 905 3429 superstitiosi'
921 3380 944 3413 e.
960 3377 985 3425 q.
999 3377 1021 3410 s.
1052 3361 1150 3423 ‘Atque
1164 3359 1228 3408 haee
1241 3357 1338 3421 quidem

234 3431 347 3489 Ennius,
373 3431 416 3494 qui
436 3431 527 3496 paucis
546 3439 605 3482 ante
622 3434 740 3484 uersibus
759 3449 832 3482 esse
851 3433 927 3483 deos
947 3437 1047 3491 censet,
1074 3430 1131 3479 sed
1146 3444 1199 3478 eos
1213 3441 1272 3478 non
1289 3441 1338 3476 ou-

234 3515 305 3548 rere
325 3500 494 3565 opinatur,
518 3501 595 3564 quid
613 3510 688 3567 agat
706 3503 877 3553 humanum
896 3502 1019 3567 genus!
1053 3500 1182 3550 Ennianos
1196 3496 1337 3548 uersusde-

234 3584 305 3620 mum
324 3585 340 3620 a
357 3569 443 3621 uerbis
465 3571 527 3622 ‘sed
541 3571 726 3636 superstitiosi'
749 3573 863 3638 incipere
878 3571 1004 3623 intellexit
1022 3569 1129 3622 Bothius
1200 3569 1236 3618 111
1255 3566 1335 3618 Cicero

275 3781 327 3836 356
349 3776 401 3834 sed
417 3779 524 3834 ‘utrum
534 3777 621 3834 Ennii
632 3781 668 3835 sit
680 3798 718 3836 am
731 3781 869 3838 Ca'ccroms
883 3780 1003 3837 dubitant
1012 3781 1114 3853 possc’
1133 3777 1165 3834 0.
1181 3773 1334 3832 nemaeum

232 3867 323 3918 monet
386 3860 554 3934 inpudentes
568 3863 645 3920 Lati.
662 3864 838 3936 impudentes
852 3867 937 3922 ceteri
949 3865 1012 3920 iibri
1093 3867 1146 3921 359
1161 3861 1333 3935 drachumam

241 3947 320 4003 Vind.
337 3963 412 4005 corr.
435 3945 530 4002 eadem
549 3963 644 4004 manu.
665 3949 809 4004 dracmam
830 3949 905 4006 Laid.
930 3950 1076 4021 dragmam
1097 3947 1161 4002 Erl.
1182 3946 1332 4002 drachmam

234 4033 328 4086 ceteri.
356 4031 400 4104 Cf.
428 4029 594 4089 Ritsohelt'us
617 4031 692 4090 Mus.
716 4033 813 4106 phtiot
841 4033 901 4091 VII
928 4039 979 4093 559
998 4049 1058 4106 sqq.
1156 4030 1272 4086 Versum
1288 4033 1336 4088 565

237 4115 267 4170 0.
295 4114 461 4174 aerumma
486 4121 625 4190 tamquam
653 4119 775 4176 ‘lectoris
802 4119 920 4175 alicuius
941 4120 1056 4174 lasciuia
1080 4117 1239 4187 confictum’
1265 4115 1332 4171 uncie

233 4199 345 4256 munau
437 4199 620 4259 drachumam
644 4203 720 4259 Laid.
755 4203 900 4275 dragmam
933 4203 994 4258 Eri.
1026 4201 1189 4258 drachmam
1219 4199 1298 4256 ceteri

276 4287 328 4350 ³61
342 4285 505 4346 moriturum
517 4286 631 4356 Seneca,
649 4288 788 4348 Ciceronis
800 4289 864 4348 libri
872 4288 1022 4348 deteriores
1108 4285 1146 4358 ei]
1161 4284 1227 4342 huic
1239 4284 1331 4344 &neco
