3070 5032
712 389 954 446 EPIGHARMI

798 558 839 628 lll
854 555 871 596 *

381 677 506 771 'Aqua‚
533 681 637 762 terra,
666 677 790 763 anima,
818 678 872 748 sul

795 813 844 884 lV
858 811 875 850 *

383 930 494 1000 Terris
515 929 645 1023 genleis
666 929 771 1000 (imnis
790 930 916 1022 peperit
935 929 968 999 el
986 929 1124 1001 resumit
1146 932 1277 1009 denuo:

337 1042 356 1102 5
381 1033 495 1104 ‘lstaec
519 1035 573 1103 dal
591 1033 711 1104 ciberis
729 1036 827 1128 etque
846 1033 934 1128 qued
956 1035 1042 1126 gerit
1059 1035 1194 1124 fruges,
1226 1033 1359 1104 Ceres,

570 1323 578 1340 .
630 1269 719 1339 le'rra
737 1292 858 1362 corpus
877 1269 945 1355 est,
973 1274 1006 1340 al
1024 1271 1142 1340 mentis
1162 1272 1251 1363 Ignis
1272 1276 1349 1342 est.

811 1406 858 1477 Vl

381 1529 466 1600 'lstie
485 1533 536 1600 esl
556 1531 597 1600 de
615 1523 688 1601 selle
709 1530 877 1618 sumplus:
912 1523 1007 1618 isque
1027 1526 1116 1593 lotus
1136 1522 1255 1592 mentis
1278 1527 1353 1593 est.

791 1660 880 1732 Vll*

384 1779 468 1848 'lslic
491 1782 542 1849 esl
563 1779 591 1850 is
614 1780 759 1871 luppiter
779 1802 877 1872 quem
897 1777 986 1862 dico,
1015 1799 1112 1870 quem
1131 1775 1249 1846 Graeci
1264 1784 1410 1848 uocant
1481 1789 1482 1792 ’

382 1881 529 1952 'Aeremz
558 1883 613 1975 qui
632 1885 752 1953 uentus
773 1887 823 1952 est
843 1887 876 1951 el
895 1882 1017 1950 nubes:
1047 1880 1149 1976 imber
1170 1879 1291 1968 pbstea

316 1993 354 2053 10
380 1983 501 2077 ‘Atque
524 2008 567 2054 ex
588 1985 690 2056 imbre
710 1989 834 2078 frigus:
862 1987 983 2053 uentus
1005 1983 1083 2073 peisl
1107 1982 1159 2066 iil,
1189 1985 1245 2051 air
1271 1985 1404 2054 denuc.

280 2200 371 2236 murrae
390 2185 517 2248 quandam
535 2194 637 2251 gentem
657 2188 745 2253 stirpis
760 2187 894 2249 concoquit
909 2185 1028 2250 Frigus
1048 2184 1156 2233 calore
1171 2190 1267 2246 atque
1287 2199 1402 2236 umore

280 2254 479 2305 aritudiuem
500 2256 631 2306 urerer:
667 2257 820 2322 Epicharmo
834 2256 909 2306 Ennii
929 2255 1049 2319 ascripsit
1063 2253 1186 2303 Columna
1255 2255 1293 2302 IlI
1311 2255 1401 2306 Varro

282 2325 314 2374 de
334 2339 362 2374 re
382 2325 478 2374 rustice
495 2326 635 2375 14‘cius’
655 2326 726 2393 (egri
744 2327 869 2376 culturum
882 2323 958 2389 dicit)
982 2325 1123 2390 ‘principia
1140 2330 1199 2372 suut
1218 2323 1309 2372 eadem
1330 2341 1402 2388 quae

281 2394 371 2444 muudi
393 2409 450 2445 esse
473 2395 570 2444 Ennius
592 2397 694 2456 scribit,
723 2411 803 2459 aqua
824 2403 909 2445 terra
929 2395 1036 2444 anima-
1059 2393 1132 2442 sol.’
1167 2393 1221 2441 Huc
1238 2392 1323 2442 -refert
1350 2395 1401 2445 Go—

283 2464 369 2513 lumua
440 2465 474 2514 IV
493 2466 575 2514 Varro
590 2466 621 2516 de
635 2466 664 2515 L.
680 2467 710 2515 L.
725 2467 749 2514 V
762 2466 795 2517 64
811 2466 844 2515 Μ.
864 2468 946 2514 ‘terra
959 2463 1025 2528 Ops,
1045 2463 1113 2526 quod
1126 2462 1186 2512 hine
1200 2477 1273 2512 omne
1288 2477 1359 2529 opus
1374 2472 1400 2514 et

282 2533 331 2584 hae
344 2548 409 2598 opus
422 2535 455 2584 ad
471 2535 628 2595 uiuendum
647 2543 671 2585 et
687 2536 745 2585 ideo
762 2535 855 2585 dicitur
869 2533 921 2600 Ops
933 2541 1028 2594 mater,
1045 2533 1114 2595 quod
1127 2539 1193 2582 terra
1207 2539 1295 2581 mater.
1325 2533 1399 2584 Haec

281 2604 347 2653 enim
370 2604 469 2653 terris
569 2604 688 2665 deuu0;
713 2620 792 2667 quse
818 2605 870 2654 det
895 2603 1037 2666 eibcrIa,
1057 2609 1093 2651 ut
1117 2602 1152 2650 ait
1175 2602 1285 2662 Ennius,
1314 2619 1399 2665 quae

282 2672 364 2735 quod
386 2673 472 2737 gerit
493 2672 619 2738 fruges,
642 2675 755 2724 Ceres!
791 2674 856 2722 Huic
882 2673 988 2748 carmini
1012 2672 1131 2736 ascripsit
1150 2670 1265 2736 Scaliger
1287 2679 1316 2720 ut
1334 2675 1396 2724 Vll.

281 2741 364 2800 Quae
461 2740 555 2791 Ceres
577 2743 655 2808 uulgo
675 2756 722 2810 pro
741 2743 908 2794 Varronisnis
926 2742 1097 2807 accipiuntur;
1122 2742 1190 2803 quod
1208 2749 1295 2792 eontra
1312 2741 1397 2808 Berg-

280 2812 339 2862 kius
363 2811 395 2860 de
419 2825 497 2860 carm.
517 2811 571 2861 Sal.
591 2813 636 2862 rel.
656 2829 681 2878 p.
702 2814 763 2863 VIII
784 2813 849 2862 haec
869 2812 973 2875 quidem
990 2811 1079 2871 Ennii,
1103 2811 1150 2860 sed
1168 2810 1213 2858 ills
1237 2826 1317 2873 quae
1340 2813 1396 2862 dat

281 2881 405 2930 cibaria
433 2881 555 2930 Varronis
581 2883 661 2932 uerba
691 2897 747 2932 esse
772 2888 858 2932 censet
937 2882 960 2930 V
988 2881 1132 2930 Priscianus
1159 2881 1206 2929 Vll
1236 2895 1263 2945 p.
1287 2880 1338 2931 764
1363 2883 1393 2931 P.

281 2949 306 3015 (1
325 2965 352 3014 p.
371 2947 421 2999 335
444 2946 490 3012 K.)
514 2950 571 3000 ‘hie
591 2958 615 3002 et
639 2951 703 3002 haec
721 2953 828 3001 ementis
852 2958 876 3001 el
895 2950 945 3000 hoe
963 2957 1075 3010 umente3
1111 2963 1159 2998 nec
1184 2950 1290 3010 mirum,
1319 2952 1394 3001 cuius

282 3018 394 3084 slmplex
409 3033 509 3082 quoque
524 3021 640 3071 mentis
654 3022 751 3070 Ennius
765 3021 870 3086 protulit
883 3021 909 3070 iu
924 3020 1091 3087 Epicharmo:
1112 3021 1192 3068 terre'
1207 3036 1230 3070 e.
1245 3036 1269 3082 q.
1285 3035 1306 3068 s.
1328 3024 1394 3086 ‘pro

280 3110 385 3160 meus!
404 3085 592 3177 (eliusReg.
666 3110 853 3176 cphiearmo
869 3112 934 3177 Reg.
955 3108 1355 3175 iuephicharmollalbersl.)

315 3181 350 3229 Vl
371 3181 452 3230 Varro
467 3180 498 3229 dc
513 3180 542 3230 L.
556 3181 586 3231 L.
601 3181 624 3229 V
637 3178 670 3232 59
684 3181 718 3230 Μ.
745 3182 804 3244 ‘qui
818 3180 905 3230 caldor
919 3196 933 3229 e
946 3180 1033 3249 caelo,
1054 3180 1124 3242 quod
1136 3179 1179 3228 hie
1195 3179 1391 3232 innumerabiles

281 3264 312 3298 ec
318 3250 480 3310 immortales
494 3251 581 3315 ignes;
600 3251 686 3315 itaque
699 3251 868 3316 Epicharmus
882 3250 914 3300 de
927 3258 1011 3300 mente
1024 3249 1136 3298 humana
1150 3249 1223 3298 dicit:
1248 3249 1323 3298 istic
1340 3261 1390 3300 est

281 3318 317 3368 de
337 3317 418 3367 sole'
440 3336 462 3368 e,
484 3335 508 3381 q.
527 3335 547 3368 s
574 3320 676 3386 (dicit
698 3321 789 3368 istic:
809 3328 857 3368 est
876 3319 902 3369 d.
924 3334 945 3368 s.
967 3318 1135 3384 Spengelius‚
1161 3316 1190 3367 0.
1207 3317 1352 3382 Muellerus)

315 3389 363 3436 Vll
384 3388 465 3438 Varro
480 3388 512 3437 de
526 3388 555 3437 L.
569 3388 598 3438 L.
616 3390 639 3438 V
654 3388 687 3439 65
700 3389 734 3437 Μ.
755 3389 841 3459 ‘idern
859 3389 886 3438 hi
909 3388 951 3439 dei
966 3388 1070 3439 Caelum
1091 3395 1115 3438 et
1127 3388 1219 3448 Terra,
1239 3387 1348 3453 Iuppiter
1362 3399 1388 3438 et

322 3595 341 3650 3
362 3591 457 3646 anima
471 3593 514 3648 sol
529 3592 589 3647 eod.
604 3591 742 3647 Politiani.
761 3592 853 3647 anima
868 3598 894 3645 el
910 3593 952 3646 sol
966 3593 1048 3664 culeo
1133 3597 1151 3651 4
1172 3593 1283 3664 genleis
1294 3591 1382 3648 Hauc.

281 3676 374 3747 gentis
394 3679 480 3732 ceteri
499 3693 562 3732 cum
583 3677 662 3732 Flur.
750 3677 896 3735 5isthaec
917 3675 1049 3748 Scaliger.
1072 3693 1143 3748 quae
1164 3677 1227 3732 libri
1307 3683 1380 3748 alque

250 3755 252 3762 ’
283 3761 377 3830 quod]
402 3777 474 3832 quae
498 3761 572 3832 quod
599 3762 676 3830 libri,
703 3764 758 3816 nisi
781 3762 854 3836 quod
880 3777 1007 3832 quaeque
1029 3761 1197 3832 Aequanus
1217 3779 1271 3834 my.
1295 3776 1326 3816 ec
1349 3763 1380 3817 li-

280 3845 336 3900 bris
422 3844 529 3900 isthaec
557 3847 686 3901 omnibus
707 3847 810 3916 ¹fruges
834 3847 906 3916 gerit
928 3844 1052 3918 Sculiyer
1137 3847 1243 3904 lislic
1265 3864 1289 3899 e.
1311 3845 1334 3900 d.
1356 3867 1378 3902 s.

282 3936 425 4001 sumplus,
452 3931 532 4001 isque
556 3936 628 3984 lotus
647 3946 684 3989 m.
705 3946 731 3983 e.
751 3929 892 4002 Beryluus
905 3930 1033 3986 Prooem.
1051 3930 1167 4002 Emped.
1178 3949 1211 4002 p.
1228 3935 1270 3989 31.
1287 3931 1339 3985 istic
1354 3950 1376 3986 e.

282 4014 311 4068 d.
327 4032 351 4068 S.
368 4021 494 4084 sumplus
512 4015 585 4086 iguis
607 4015 635 4069 id
652 4020 695 4069 est
711 4015 751 4070 sol
770 4022 812 4068 est
826 4015 907 4085 isque
930 4021 1001 4070 lolus
1015 4032 1053 4069 m.
1070 4031 1095 4068 e.
1113 4015 1183 4070 libri.
1200 4016 1261 4069 istic
1278 4033 1302 4068 e.
1316 4015 1339 4069 d.
1354 4036 1377 4072 s.

281 4105 408 4169 sumplus
425 4099 499 4170 iguis
516 4102 596 4170 isque
613 4101 712 4154 mentis
728 4105 771 4153 esl
787 4098 911 4170 Seuliyer
994 4099 1130 4170 Slupiler
1146 4100 1225 4155 Flor.
1307 4099 1374 4158 Greci

280 4183 357 4237 Flor.
442 4187 459 4240 9
475 4200 569 4238 aerem
586 4184 662 4239 Flor.
677 4184 753 4240 Gcllr.
769 4183 839 4238 Pur.
852 4184 868 4238 b
883 4189 913 4239 ul
926 4184 982 4239 uid.
1000 4177 1162 4238 arem'Par.
1178 4200 1201 4249 c,
1218 4201 1269 4240 um.
1284 4183 1376 4259 Hauc„

279 4269 380 4321 lacuna
395 4269 424 4322 in
439 4265 508 4326 Pur.
523 4286 550 4322 a.
570 4253 642 4343 ἆέρα
664 4268 827 4324 Verlranius
914 4275 948 4328 10
970 4275 1070 4324 uentus
1087 4271 1178 4341 uulyo.
1199 4271 1288 4325 uentis
1299 4268 1350 4324 libri
