2984 5048
544 415 785 486 RELIQVIAE
1159 405 1219 474 161
1254 417 1257 428 ’

23 634 29 646 .
81 587 280 678 migrauit,
317 607 418 678 seges
451 609 472 655 a
502 585 634 655 domino
665 585 820 656 demessa
855 588 915 656 est.
946 624 999 638 --
1033 625 1086 640 -
1124 583 1221 656 Hunc

22 729 31 774 r
81 691 235 782 Aesopi
259 690 441 781 apologum
466 687 504 772 Q.
523 688 650 758 Ennius
673 688 707 758 in
733 689 842 759 satiris
872 688 952 760 scite
981 690 1158 761 admodum
1187 693 1228 760 et

23 833 31 878 :=
82 798 249 862 uenuste
274 792 426 862 uersibus
448 791 616 884 quadratis
635 792 829 882 composuit.
875 791 1024 876 Quorum
1045 793 1112 863 duo
1133 815 1220 884 pos·
1259 867 1262 874 ,

84 896 200 964 tremi
237 896 291 966 isti
315 899 406 980 sunt,
447 917 531 987 quos
560 895 681 964 babere
705 895 797 965 cordi
829 900 861 966 et
892 897 1070 966 memoriae
1097 919 1219 988 operae

22 1047 31 1090 p
87 999 249 1090 pretium
270 1020 347 1068 esse
369 998 479 1068 hercle
496 984 628 1089 puto:'
855 1014 859 1018 ·

210 1135 283 1206 Hdc
303 1135 364 1204 erit
385 1135 442 1204 tibi
460 1135 693 1227 argumentum
715 1133 847 1224 semper
868 1133 901 1202 in
921 1133 1076 1226 promptd
1103 1133 1217 1205 situm:

209 1238 258 1308 Ne
277 1237 355 1334 quid
373 1239 530 1330 expecte's
551 1236 675 1308 amicos
695 1236 784 1330 quod
805 1240 875 1308 tute
895 1260 998 1331 agere
1020 1238 1162 1330 possies
1190 1281 1192 1292 ι

647 1404 682 1474 V

184 1608 188 1615 .
209 1542 293 1614 Gum
310 1540 569 1636 spolia‘generis
590 1521 798 1612 detraxeritis
821 1541 943 1634 [inpie‚]

22 1679 28 1720 ε
137 1656 182 1718 40
212 1646 319 1731 Quam
338 1647 583 1739 inscriptionem
607 1645 749 1715 dabitis?

623 1813 672 1883 Vl
687 1811 704 1849 *

209 1950 336 2023 Sribulo
357 1951 523 2044 quondam
543 1950 686 2022 marinas
706 1941 842 2041 prdpter
863 1951 1013 2020 adstabat
1035 1950 1163 2044 plagas.

616 2117 679 2189 VH
693 2117 709 2155 a

208 2254 348 2347 Propter
369 2257 504 2348 stagna,
528 2255 582 2325 ubi
605 2256 790 2348 lanigerum
811 2277 914 2346 pecus
936 2255 1083 2348 piscibus
1101 2256 1217 2348 pascit.

139 2490 164 2539 V
194 2490 273 2540 lulius
291 2490 380 2539 Victor
397 2505 419 2538 c.
440 2489 457 2540 6
481 2506 508 2557 p.
531 2493 583 2542 224
602 2491 643 2542 Or.
679 2483 727 2540 ‘ab
748 2498 840 2540 euentu
865 2489 1048 2554 inqualitate:
1081 2498 1109 2540 ut
1131 2491 1218 2555 qualia

106 2561 156 2608 sint
177 2575 208 2610 ea
229 2575 294 2622 quae
316 2567 468 2620 euenerunt,
496 2569 539 2610 aut
560 2575 625 2622 qnae
646 2559 781 2610 uideantur
801 2566 935 2620 euentura,
960 2560 1011 2610 tale
1031 2561 1095 2610 illud
1116 2575 1217 2623 quoque

23 2645 26 2664 ·
107 2629 280 2689 existimetur,
305 2644 338 2677 ex
360 2643 410 2690 quo
430 2637 575 2678 euenerunt.
607 2629 870 2694 Vt·SabinisEnnius
891 2629 957 2679 dixit
978 2630 1025 2678 ...’
1058 2629 1216 2696 (Sabina-

107 2713 172 2746 rum
194 2699 280 2747 nescio
299 2697 369 2760 quod
388 2713 488 2747 carmen
509 2707 567 2764 post
580 2699 675 2748 Maium
695 2699 729 2749 ad
742 2699 794 2749 (lic.
815 2700 847 2749 dc
866 2714 895 2748 re
918 2714 944 2765 p.
966 2699 990 2748 ll
1013 2701 1029 2749 7
1049 2700 1115 2750 tueri
1133 2698 1217 2748 studet

23 2829 24 2832 Ἴ
107 2767 185 2815 danus
203 2767 236 2817 ad
249 2767 420 2828 Macrobium,
446 2768 506 2817 uide
519 2769 592 2818 Ennii
607 2768 660 2822 Sat.
677 2768 721 2818 lib.
735 2767 785 2832 lV)
860 2769 896 2817 VI
914 2769 996 2818 Varro
1014 2769 1046 2818 de
1065 2769 1094 2817 L.
1117 2767 1146 2818 L.
1168 2769 1216 2817 Vll

23 2857 24 2868 ¹
109 2835 185 2885 3511.
202 2836 287 2900 ‘apud
301 2837 425 2884 Ennium'
445 2836 517 2902 (eni
530 2838 597 2886 Flor.
613 2839 696 2887 enim
711 2835 808 2900 Haun.)
828 2837 946 2887 ‘subulo'
961 2854 983 2888 e.
1002 2854 1027 2900 q.
1045 2853 1066 2887 s.
1088 2837 1216 2887 ‘subulo

110 2906 205 2963 dictus,
228 2905 297 2967 quod
316 2906 351 2953 ita
371 2904 458 2953 dicunt
478 2907 595 2956 tibicines
608 2908 700 2966 Tusci;
726 2907 845 2972 quocirca
866 2907 966 2956 radices
987 2907 1042 2956 eius
1061 2907 1088 2955 in
1105 2907 1215 2966 Etruria,

110 2988 158 3022 non
176 2973 249 3022 Latio
264 2974 443 3036 quaerundae!
479 2975 568 3024 l'estus
587 2990 613 3041 p.
630 2975 681 3027 309
693 2977 727 3026 Μ.
747 2976 880 3026 ‘subulo
898 2977 981 3025 Tusce
995 2977 1089 3027 tibicen
1109 2976 1215 3034 dicitur;

23 3043 24 3078 t
110 3044 192 3104 itaque
212 3043 309 3092 Ennius
330 3044 378 3092 ...'
413 3045 486 3093 Hunc
501 3061 604 3095 uersum
628 3061 684 3094 cum
707 3047 829 3096 Herodoti
852 3047 996 3096 narratione
1011 3047 1021 3094 l
1037 3047 1085 3095 141
1107 3045 1216 3096 conferri

111 3113 176 3161 iubet
199 3110 228 3177 0,
245 3111 391 3161 Muellerus.
426 3113 493 3163 Vide
514 3116 589 3164 etiam
604 3115 725 3164 Babrlum
747 3115 799 3164 lab.
817 3113 847 3176 a,
872 3130 949 3178 quem
965 3115 1013 3164 Th.
1032 3115 1131 3179 Hugius
1149 3115 1217 3164 indi·
1303 3127 1305 3133 ·

111 3182 175 3229 cauit
242 3182 291 3230 Vll
315 3181 409 3230 Paulus
424 3182 493 3232 Festi
512 3199 538 3250 p.
555 3181 588 3234 59
605 3185 639 3234 Μ.
665 3184 801 3249 ‘Cyprio
821 3185 897 3234 boni
917 3184 1098 3233 merendam
1119 3184 1216 3233 Ennius

112 3250 226 3300 Sotadico
245 3266 322 3300 uersu
344 3267 401 3300 cum
422 3253 501 3312 dixit,
529 3253 683 3318 significauit
705 3254 733 3301 id
751 3254 819 3316 qnod
833 3253 898 3302 solet
916 3252 969 3302 lteri
986 3253 1013 3300 in
1032 3252 1118 3302 insula
1132 3251 1215 3318 Cypro

191 3320 261 3368 ldem
282 3335 339 3369 cum
359 3321 434 3370 dicit:
466 3325 581 3388 propter·
608 3339 631 3372 e.
647 3312 680 3384 ‘q
701 3339 722 3371 s.
751 3325 824 3372 ‘esse
846 3322 968 3387 paludem
989 3321 1159 3382 demonstrat,
1189 3324 1216 3371 in

114 3404 160 3451 qua
177 3397 313 3438 nascuntur
334 3391 419 3454 pisces
436 3391 534 3442 similes
555 3392 715 3453 ranunculis,
742 3407 806 3454 quos
824 3406 886 3442 oues
907 3397 1066 3442 consectatae
1085 3391 1180 3442 edunt'

117 3534 313 3544 ----

153 3631 184 3686 37
198 3627 253 3682 hoc
264 3629 352 3699 aribo,
366 3643 440 3684 corr.
451 3630 521 3684 Par.
534 3632 587 3685 hec
606 3631 667 3686 Vot.
678 3631 749 3685 Par.
759 3634 796 3686 nt.
803 3649 853 3703 pr.
866 3616 892 3686 h’
905 3629 1031 3686 Rotterrd.
1095 3625 1216 3702 arg'tum

117 3711 234 3766 Rottertd.
327 3715 436 3782 promtti
468 3713 528 3770 Var.
554 3716 626 3769 Por.
652 3723 811 3785 promptum
839 3714 966 3770 Rotlertd.
1058 3718 1093 3773 38
1122 3714 1217 3784 nequit

117 3796 179 3851 Por.
204 3813 267 3867 neq,
290 3793 417 3851 Rottand.
504 3805 560 3853 tute
581 3815 665 3870 agere
686 3800 798 3869 possies
815 3799 963 3854 Fraterr'us
986 3797 1216 3864 Veratrum

118 3897 193 3952 agere
206 3881 302 3952 possis
317 3881 392 3947 lr'dra',
409 3883 464 3936 nisi
475 3883 550 3954 quod
563 3889 610 3938 tua
624 3899 691 3955 gere
707 3885 803 3954 possis
818 3882 946 3938 Rottend.
1031 3885 1067 3941 39
1080 3897 1123 3953 sq.
1145 3882 1214 3937 Ver-

117 3980 159 4020 tat
178 3965 300 4037 drapoaur'
390 3967 504 4038 generis
523 3967 623 4024 Jonas.
648 3968 747 4040 generi
766 3968 856 4024 Iudaica
883 3966 976 4022 Victor
1065 3967 1141 4038 inpie
1161 3982 1215 4020 om.

118 4049 195 4104 Iulius
214 4049 307 4105 Victor
390 4054 424 4108 41
447 4049 576 4107 adstabat
590 4051 671 4110 Flor.
691 4052 837 4108 Varronis.
855 4051 998 4106 adstrabat
1013 4049 1121 4105 necao.
1141 4055 1216 4104 asta-

119 4134 247 4189 batrcteri
262 4133 408 4189 Varronis.
419 4137 533 4191 assabat
544 4134 669 4208 Scaliger
753 4138 855 4208 plagas
867 4135 973 4189 Festus
986 4149 1074 4204 aquas
1093 4133 1186 4190 Varro

155 4221 185 4274 lt
203 4219 303 4288 pecus]
321 4235 411 4290 genus
433 4219 476 4273 ed.
498 4225 551 4274 aet.
566 4220 629 4274 Atd.
649 4222 723 4292 culp.
809 4219 901 4290 pascit
916 4216 1027 4272 Monac.
1044 4218 1104 4273 edd.
1120 4225 1175 4274 aet.
1190 4225 1216 4272 ct

120 4301 173 4356 libri
184 4301 211 4357 C.
225 4303 338 4358 Bortlu'r'
350 4304 437 4372 (Actu.
450 4302 525 4358 XLI
534 4305 575 4371 8).
594 4305 719 4376 pascitur
737 4303 828 4375 Guelf-
846 4303 920 4375 culp.

191 4402 303 4457 Eumvs.
968 4395 1008 4458 ll
