2984 5032
579 464 806 521 ENNlANAE
1157 475 1253 522 Lxxv

144 626 286 686 Macrobii
309 629 337 686 in
352 627 514 688 Histrorum
536 632 650 690 nomine
672 629 813 689 residere.
859 628 903 688 Ad
918 629 1002 688 Ennii
1025 639 1119 690 autem
1138 631 1251 707 poesim

144 731 310 792 Macrobius
339 741 460 794 testatur
481 735 643 811 Vergilium
673 753 752 794 suam
783 736 819 795 de
846 735 977 795 Pandaro
1008 745 1036 794 et
1058 736 1131 794 Bitia
1154 755 1252 802 narra·

144 840 251 898 tionem
283 840 373 917 (Aen.
396 838 437 899 lX
459 839 521 901 672
544 842 626 919 sqq.)
662 842 872 901 conformasse.
930 841 963 901 In
996 859 1052 919 qua
1082 860 1145 902 curn
1178 843 1251 902 hacc

145 963 220 1022 quae
241 946 389 1022 Vergilius
423 946 493 1006 dicit
524 951 628 1005 armati
656 950 737 1021 ferro
769 957 797 1006 et
825 954 917 1006 cristis
939 955 1032 1024 capita
1065 953 1121 1006 atta
1144 955 1254 1009 corusci

145 1051 239 1130 (678)
263 1071 279 1110 a
301 1053 405 1111 Seruio
427 1053 455 1110 in
478 1051 551 1110 Aen.
576 1051 595 1109 l.
629 1051 647 1109 l.
670 1051 802 1111 laudatus
826 1052 924 1130 Asper
945 1052 1082 1113 exEnnii
1103 1053 1250 1112 locutione

142 1165 274 1217 succincti
290 1162 377 1218 eorda
399 1160 556 1216 machaeris
579 1156 652 1235 (lv)
677 1157 848 1236 deprompta
870 1159 964 1234 dicat,
984 1159 1051 1218 inde
1072 1177 1129 1217 non
1154 1159 1251 1236 inepte

143 1261 254 1322 Merula
275 1283 308 1323 ea
330 1264 366 1323 dc
383 1263 453 1320 uiris
476 1263 599 1336 fortibus
622 1263 680 1323 illis
704 1263 781 1322 elata
801 1265 974 1324 existimauit
992 1265 1041 1343 qui
1064 1272 1250 1341 erumpentes

144 1376 228 1444 porta
250 1377 378 1444 stragem
401 1368 437 1427 de
459 1369 611 1429 obsidente
638 1370 722 1430 hoste
744 1371 902 1431 iecissent:
926 1372 980 1429 nisi
1002 1371 1078 1448 quod
1099 1368 1250 1430 llacrobio

143 1473 257 1531 nimium
278 1473 404 1533 conlisus
425 1484 483 1534 tum
498 1477 575 1535 forte
591 1479 667 1536 inter
685 1477 842 1536 auxiliares
857 1475 1029 1536 Ambraciae
1044 1476 1158 1536 Histros
1178 1493 1250 1553 quo·

125 1556 201 1655 'que
223 1579 313 1638 luisse
336 1581 467 1640 adsumit.

602 1831 728 1892 GAPVT
752 1833 792 1893 Vl

229 1998 380 2057 Sextum
407 1999 587 2060 decimum
610 2002 780 2061 annalem
803 2011 891 2081 poeta
920 2019 996 2062 nouo
1022 2000 1145 2060 exordio
1178 2001 1249 2075 iniit,

144 2121 221 2183 quo,
252 2103 330 2182 quod
351 2103 467 2163 residua
492 2124 508 2162 e
531 2106 703 2183 prohoemio
726 2108 868 2184 particula
897 2115 999 2184 an'ppe
1027 2117 1133 2166 netnstn
1158 2112 1250 2165 ntrnrn

142 2231 198 2269 non
220 2219 261 2269 est
282 2216 351 2268 sotis
377 2214 446 2268 belle
470 2217 576 2270 nwneri
597 2211 656 2290 (ll)
689 2212 811 2288 indicat,
844 2214 879 2272 ad
908 2232 955 2272 res
979 2231 1049 2272 suae
1071 2212 1158 2271 aetati
1182 2228 1249 2288 pro-

144 2317 244 2394 piores
270 2333 303 2376 se
331 2315 512 2376 descendere
540 2317 703 2393 profitetur.
750 2317 842 2391 Quem
874 2319 978 2378 librum
999 2318 1107 2377 Plinius
1129 2325 1251 2376 testatur

142 2421 319 2481 Dentrum
343 2440 429 2482 causa
453 2422 652 2500 superioribus
675 2423 818 2488 adiectum
839 2443 907 2482 esse
929 2433 984 2482 nat.
1009 2423 1075 2482 bist.
1099 2422 1153 2482 Vll
1171 2422 1248 2481 101:

140 2531 273 2604 fortitudo
294 2532 323 2585 in
345 2549 397 2604 quo
418 2548 549 2588 mnnnme
569 2536 705 2588 exstiternt
725 2536 864 2588 inmensae
884 2535 1050 2604 quaestionis
1074 2539 1126 2597 est,
1160 2534 1251 2603 ntique

141 2641 168 2693 si
182 2640 293 2709 poetice
315 2639 468 2710 receptetur
491 2639 666 2710 fabulositas.
712 2641 742 2707 Q.
767 2640 876 2693 Ennius
900 2637 931 2692 Τ.
955 2639 1099 2694 Caecilium
1120 2638 1251 2694 Dentrem

141 2745 315 2816 fratremque
335 2747 393 2800 eins
407 2747 563 2816 praecipue
581 2749 697 2800 miratus
713 2752 832 2816 propter
852 2758 898 2800 eos
916 2749 1024 2800 sentum
1037 2747 1179 2801 decumum
1201 2743 1250 2797 ed-

143 2853 205 2905 iecit
226 2853 363 2905 annalem.
407 2846 489 2906 Plinii
512 2847 626 2924 quidem
645 2846 710 2906 libri
729 2863 785 2905 non
801 2845 940 2904 Dentrem
963 2847 1015 2906 sed
1031 2846 1174 2906 Teucrum
1201 2864 1250 2903 ex-

143 2951 259 3027 hibent,
294 2954 371 3030 quod
405 2953 474 3012 olim
502 2961 665 3012 correctum
698 2961 752 3011 est.
798 2951 878 3010 Titus
901 2960 995 3010 autem
1018 2949 1165 3012 Caecilius
1188 2969 1251 3010 cum

144 3075 229 3116 nemo
260 3075 295 3117 ca
316 3067 411 3118 aetate
436 3075 520 3135 quam
542 3058 569 3115 in
594 3056 670 3116 hunc
700 3057 831 3116 annalem
861 3056 998 3116 incidisse
1025 3056 1178 3135 probabile
1206 3065 1252 3116 est

145 3173 397 3237 commemoretur,
420 3161 549 3221 llochius
572 3162 607 3221 de
623 3161 707 3220 Ennii
730 3181 794 3222 aon.
819 3164 920 3239 fragm.
945 3161 1008 3220 aP.
1025 3161 1136 3222 lilerula
1159 3164 1251 3221 auctis

146 3289 175 3348 p.
199 3270 239 3329 47
262 3269 380 3329 Lucium
407 3269 549 3346 reposuit.
595 3268 654 3327 Sed
681 3269 717 3327 de
742 3268 880 3327 Dentrum
909 3269 998 3328 rebus
1030 3267 1180 3328 admodum
1208 3276 1251 3325 te·

143 3377 207 3434 nuis
230 3375 306 3454 apud
327 3375 436 3434 Liuium
457 3376 594 3434 memoria
618 3383 711 3433 extat:
734 3373 838 3433 Lucius
860 3391 886 3433 a.
914 3393 941 3433 u.
965 3393 991 3434 c.
1019 3373 1080 3433 570
1104 3374 1131 3432 in
1152 3373 1251 3432 Sicilia

145 3487 266 3558 praetor
293 3480 384 3539 iuuisse
414 3480 585 3559 perhibetur
612 3478 661 3538 XL
693 3481 725 3554 1,
759 3478 874 3540 blancus
903 3481 994 3540 frater
1022 3499 1048 3539 a.
1081 3498 1108 3538 u.
1136 3497 1163 3539 c.
1190 3479 1251 3538 579

145 3587 180 3646 ad
204 3585 378 3645 Antiochum
407 3605 442 3646 ac
464 3587 661 3648 Ptolemaeum
692 3588 876 3648 renouandae
899 3588 1041 3647 amicitiae
1062 3603 1149 3645 causa
1172 3584 1252 3660 lega·

146 3702 192 3751 tus
212 3693 301 3750 iuisse
323 3691 400 3751 xtll
416 3694 445 3753 6.
491 3692 611 3750 Rettulit
630 3691 704 3751 baec
725 3690 757 3748 F.
778 3690 906 3750 Ritterus
929 3708 1046 3769 quoque
1068 3691 1087 3748 l.
1101 3689 1120 3749 l.
1145 3708 1172 3767 p.
1190 3689 1252 3749 386

144 3797 214 3857 illud
244 3815 301 3856 non
325 3797 556 3856 animaduertens
579 3815 662 3875 quam
686 3814 785 3873 parum
808 3797 882 3857 haec
909 3797 1081 3856 conueniant
1104 3796 1131 3853 ei
1153 3814 1170 3852 e
1192 3811 1250 3870 quo

146 3919 276 3979 magnam
301 3903 338 3961 de
361 3900 518 3960 Dentribus
544 3902 780 3980 expectationem
808 3895 1138 3963 haurimus⁸testimonio
1159 3898 1251 3958 Plinii.

147 4006 185 4066 At
206 4007 327 4066 dandum
352 4016 397 4067 est
419 4007 527 4084 aliquid
547 4009 683 4086 poeticae
706 4026 790 4084 quam
806 4009 856 4068 ille
871 4009 939 4069 dicit
958 4006 1146 4078 fabulositati,
1167 4013 1252 4082 atque

146 4113 267 4171 Ennium
297 4112 437 4172 credibile
461 4122 524 4188 est,
553 4090 615 4172 cum
637 4113 720 4191 plura
741 4113 778 4171 de
801 4113 858 4173 illis
880 4114 951 4170 uiris
971 4110 1147 4189 compererit
1170 4127 1253 4185 quam

144 4218 319 4295 scriptorum
349 4216 493 4276 beneficio
529 4217 564 4276 ad
589 4235 642 4278 uos
674 4227 865 4299 propagatum
886 4225 949 4292 est,
983 4232 1018 4276 ea
1046 4217 1105 4276 suis
1131 4215 1253 4274 inuentis

144 4323 230 4384 etiam
252 4324 280 4383 in
295 4324 386 4382 maius
405 4339 576 4382 exornasse.
1206 4310 1209 4314 ⁵
