3112 5040
689 451 923 512 ANNALIVM

759 618 865 689 XXIII

356 745 442 814 Dum
463 741 592 812 clauum
616 743 739 810 rectum
758 744 887 808 teneam
909 691 1094 826 nouemque
1115 732 1297 826 gubernem

836 874 868 942 V

356 996 454 1066 Haud
477 998 600 1065 temere
623 997 674 1064 est
697 874 840 1085 quoiiiiir
860 989 945 1059 tristi
969 1010 1043 1059 cunr
1065 985 1165 1056 eorde
1186 984 1368 1078 gubernas.

358 1231 467 1302 Fortis
485 1231 642 1316 Romani,
667 1124 865 1326 quamiiriirii
888 1227 1000 1298 caelus
1020 1225 1206 1318 profundus

267 1480 332 1541 475
359 1471 504 1561 Impetus
524 1469 604 1540 haul
624 1469 726 1564 longe
745 1365 867 1546 tiieiiirifsl
881 1465 1074 1559 regionibus
1096 1465 1207 1533 restat.

357 1709 493 1780 Labitur
509 1711 609 1778 uncto
627 1707 738 1778 carina
747 1604 983 1801 iiiiiiiiquora
1005 1727 1087 1776 cana
1108 1701 1239 1772 celocis.

359 1960 441 2032 Cum
459 1982 582 2054 magno
601 1843 951 2051 strepituxliriielilnum
972 1959 1093 2026 uentus
1116 1951 1270 2045 negebat.

358 2197 582 2268 Brundusium
599 2197 716 2290 pulcro
735 2095 957 2292 piaiiiiretum
974 2194 1132 2287 praepete
1140 2191 1290 2281 'portust

254 2413 300 2448 nos
316 2411 382 2446 nuno
394 2396 539 2460 terminum,
555 2397 604 2448 hoo
617 2397 708 2448 modo:
728 2398 864 2464 ingenti'
885 2413 907 2448 e.
920 2414 945 2462 q.
957 2412 978 2446 s.
999 2398 1053 2444 ‘et:
1073 2392 1257 2460 hortatore'
1274 2408 1297 2443 e.
1309 2409 1334 2456 q.
1347 2409 1368 2442 s.

322 2466 410 2516 XXIII
433 2466 546 2518 Isidorus
562 2467 740 2534 Ortg.x1xu
767 2467 896 2516 ‘clauus
916 2475 955 2518 est
975 2478 1025 2528 quo
1038 2462 1136 2528 regitur
1151 2461 1368 2526 gubernaculum:

254 2537 286 2586 de
303 2550 353 2599 quo
372 2535 469 2586 Ennius
490 2539 542 2587 ...’
574 2537 744 2597 Quintilianus
760 2538 783 2586 Il
799 2538 840 2596 17,
857 2538 891 2588 24
916 2540 990 2592 ‘uum
1012 2541 1036 2582 et
1056 2531 1211 2598 gubernator
1227 2532 1282 2581 uult
1296 2532 1370 2581 salua

254 2620 319 2654 noue
339 2606 365 2655 in
385 2613 486 2670 portum
507 2609 656 2672 peruenire3
680 2608 703 2656 si
722 2614 807 2656 tomen
821 2613 972 2672 tempestate
986 2603 1063 2654 luerit
1082 2600 1215 2665 obreptus,
1241 2615 1290 2650 nou
1309 2602 1369 2651 ideo

253 2675 338 2725 minus
353 2674 401 2724 erit
413 2675 583 2741 gubernator,
603 2677 721 2740 dicetque
734 2684 822 2725 uotum
835 2676 917 2726 illud:
937 2675 1007 2726 dum
1028 2671 1154 2722 clauum
1175 2678 1303 2720 rentum
1320 2679 1369 2720 te-

253 2745 359 2794 neam!
430 2743 519 2793 XXIV
531 2743 636 2794 Seruius
643 2744 740 2795 innan.
749 2743 843 2796 nisus
859 2749 992 2794 ‘temere
1006 2779 1027 2790 ..
1038 2776 1059 2790 ..
1074 2737 1202 2804 signifieat
1213 2740 1268 2790 sine
1281 2755 1368 2789 eausa.

253 2813 351 2863 Ennius
371 2813 425 2861 ...’
496 2813 571 2864 XXV
591 2813 689 2864 Nonius
710 2829 736 2879 p.
755 2813 814 2873 197,
834 2811 851 2863 8
874 2814 1014 2864 ‘eaelum
1034 2816 1132 2860 neutro.
1157 2809 1298 2859 masculino
1317 2809 1369 2858 Lu-

253 2882 347 2932 cretius
428 2882 510 2932 Varro
529 2883 683 2932 ...Ennius
702 2885 757 2932 ...’
792 2883 950 2936 Charisiusl
970 2898 996 2948 p.
1011 2881 1045 2932 55
1060 2879 1088 2928 Ρ.
1106 2876 1260 2943 (tonino.)
1282 2881 1369 2928 ‘oue-

253 2952 317 3000 lum
336 2949 386 3000 hoo
404 2965 462 3000 oum
481 2953 515 3001 sit
532 2960 665 3012 neutrum,
691 2954 768 3002 etiam
786 2954 926 3004 masculine
944 2961 1045 3002 ueteres
1060 2947 1192 3007 dixerunt,
1218 2955 1242 2998 et
1255 2947 1367 2998 Ennius:

254 3035 329 3084 quem
345 3018 437 3070 Caelus
451 3022 548 3086 genuit.
585 3021 662 3070 Item:
681 3024 850 3084 quumqusm’
871 3039 893 3071 e.
909 3038 933 3084 q.
950 3037 971 3070 s.
991 3019 1086 3086 (item
1101 3024 1147 3080 qq
1164 3017 1205 3083 (h.
1220 3033 1243 3067 e.
1260 3033 1370 3080 quum·
1420 3067 1431 3090 s

253 3087 364 3152 quam)
384 3089 441 3139 rod.
462 3091 539 3140 item
559 3105 684 3154 quoque
703 3090 797 3156 uulgo)
866 3090 953 3140 XXVI
977 3089 1066 3139 Festus
1083 3106 1110 3155 p.
1125 3085 1177 3138 ‘285
1191 3086 1225 3136 M.
1252 3090 1370 3138 ‘restet

252 3173 299 3226 pro
314 3158 392 3209 dIstst
407 3159 442 3208 sit
457 3157 585 3226 [Verrius]
603 3160 712 3210 Ennium
727 3175 837 3226 ponere,
861 3175 918 3210 cum
938 3161 961 3210 is
979 3159 1060 3209 dicat:
1086 3157 1208 3223 impetus'
1229 3171 1251 3206 e.
1269 3172 1293 3220 q.
1309 3171 1340 3226 s.⁴

287 3227 386 3279 XXVII
404 3229 518 3279 Isidorus
533 3227 603 3296 OrIg.
620 3229 682 3280 XIX
697 3231 709 3280 l
735 3230 894 3280 ‘oelooes'
908 3229 1059 3296 (colones
1073 3224 1165 3293 uulgo)
1187 3229 1265 3288 ‘quus
1279 3225 1369 3276 Graeci

253 3289 370 3361 κέλητας
389 3307 481 3348 uocant
495 3299 523 3349 id
535 3307 573 3349 est
588 3299 690 3350 ueloees
706 3300 815 3350 biremes
833 3300 874 3349 uel
887 3301 1003 3349 triremes
1018 3297 1100 3364 aglius
1114 3305 1138 3346 et
1152 3294 1185 3345 sd
1200 3296 1368 3346 ministerium

253 3373 336 3430 aptae.
364 3367 461 3416 Ennius
474 3369 521 3416 ...'
561 3368 708 3418 Thesaurus
732 3384 791 3419 nou.
817 3368 872 3417 Lat.
900 3367 947 3434 (Α.
967 3367 1019 3417 Mai
1037 3376 1104 3417 auct.
1125 3365 1200 3415 class.
1221 3365 1281 3414 VIII
1305 3362 1368 3428 174)

253 3434 361 3484 ‘celox
381 3435 423 3484 uel
442 3435 537 3486 oelouIs
559 3437 751 3488 uelox⁸dicitur
773 3439 855 3488 neuls.
890 3438 987 3487 Ennius
1010 3438 1063 3486 ...’
1141 3433 1253 3484 XXVIII
1278 3434 1368 3484 Festus

252 3520 279 3570 p·
294 3501 344 3558 153
353 3504 387 3554 M.
400 3503 581 3571 (metonymia)
594 3509 623 3556 ‘a
632 3509 763 3572 superiore
775 3506 889 3568 inferior,
898 3515 926 3556 ut
935 3507 1032 3556 Ennius
1044 3511 1050 3555 “.
1061 3542 1066 3555 .
1077 3507 1097 3554 .’
1169 3503 1257 3554 XXIX
1271 3503 1367 3555 Gellius

293 3680 345 3738 tle
368 3677 433 3735 dum
466 3677 657 3747 Quintilianus.
686 3686 716 3736 ut
741 3679 868 3737 Isidorus
954 3687 1064 3735 teneant
1085 3695 1137 3734 orn.
1160 3679 1251 3751 Guelf.
1274 3698 1291 3735 u
1317 3679 1368 3735 Isi-

251 3765 315 3821 dori
398 3779 554 3836 nouemque
570 3763 631 3820 Zur.
651 3764 742 3837 Guelf.
758 3783 776 3820 u
791 3766 816 3821 b.
837 3767 987 3838 nauImque
1006 3765 1088 3837 uulyo
1194 3767 1248 3822 473
1269 3761 1366 3834 eor'de]

251 3855 343 3904 mente
367 3850 400 3904 ‘e
421 3848 519 3904 Seruio
539 3849 677 3906 Danielis'
702 3850 814 3906 Merula
921 3853 974 3908 474
996 3849 1114 3904 Romani
1133 3855 1195 3905 sunt
1212 3847 1325 3905 Merula

293 3935 372 4016 celus
389 3934 450 3990 eod.
468 3931 588 3990 Oburr'sii
672 3950 840 4006 quamquam
862 3952 951 3990 euuus
974 3935 1070 3989 caelus
1092 3931 1250 4005 profundus
1268 3931 1307 3988 H.
1329 3933 1367 3990 Il-

250 4018 359 4091 beryius
385 4023 412 4074 el
440 4017 491 4074 in.
517 4015 627 4090 Πυθίας
731 4021 783 4076 475
807 4018 875 4073 haut
897 4018 929 4075 0.
952 4017 1110 4076 Muellerus.
1137 4024 1185 4072 aut
1205 4017 1266 4073 eod.
1290 4018 1366 4074 haud

253 4101 397 4159 Turnebus
412 4102 484 4158 Anu.
499 4100 584 4158 XIII
594 4107 639 4162 25.
661 4109 705 4159 ast
724 4102 849 4175 scultyer
954 4106 1006 4164 476
1030 4107 1130 4158 cuneta
1152 4102 1213 4158 Zr'tt.
1236 4101 1365 4174 Groelflu

249 4185 354 4242 Isidori
439 4203 490 4260 per
511 4203 690 4260 aequoraque
711 4189 766 4243 altu
790 4187 951 4244 Thesaums
997 4219 1003 4226 -
1036 4187 1143 4242 oelonIs
1165 4188 1238 4259 uuly.
1255 4185 1365 4256 Isidem,

253 4268 413 4328 Thesaurus
519 4274 578 4331 477·
601 4264 755 4328 Volcanum
783 4273 846 4328 eod.
933 4272 1054 4344 negebal
1082 4271 1216 4343 Seuliyer.
1248 4279 1366 4344 uegerat

249 4354 311 4412 eod·
418 4357 472 4416 478
486 4356 675 4413 Brundusium
693 4359 814 4414 iuniores
825 4357 904 4414 codd.
926 4355 1095 4435 Brsundisid
1118 4355 1178 4412 Vnt.
1266 4359 1406 4430 pulcro⁴
