2984 5048
556 411 796 480 usurovmu

642 576 718 648 CIV

228 691 387 765 Oratores
405 695 584 789 dooliquui

647 827 709 900 CV

225 997 233 1012 .
287 998 295 1014 .
350 945 517 1018 deorelum
537 952 588 1020 est
612 947 732 1018 iusseri
750 968 892 1039 corpore
909 950 994 1020 telis.

640 1080 714 1152 CVI

133 1204 195 1264 570
222 1248 480 1268 .....
534 1199 664 1269 animus
687 1221 761 1272 cum
782 1202 916 1290 pectore
938 1155 1035 1272 lairel

631 1348 719 1419 CVII

222 1517 604 1534 .......
659 1467 804 1536 elamore
824 1467 987 1537 bouanles

626 1598 729 1670 CVIII

224 1768 481 1786 .....
535 1740 674 1807 pausam
698 1720 808 1790 faeere
831 1741 889 1789 ore
910 1719 1068 1788 fremendi

636 1869 708 1941 CIX

223 2037 480 2054 .....
534 1987 639 2056 nostri
659 2009 792 2057 cessere
814 2007 992 2078 parumper

644 2122 702 2194 CX

222 2288 477 2308 .....
507 2263 540 2308 ’.
595 2293 603 2307 .
658 2293 666 2308 .
719 2241 882 2332 adgrelus
900 2239 960 2307 fari

636 2374 709 2446 CXI

130 2481 191 2540 575
219 2468 413 2542 Consiluere

115 2676 173 2718 eant
194 2683 281 2720 omues
304 2671 405 2732 Iouem3
432 2670 506 2720 Illum
523 2686 584 2721 uero
608 2679 632 2720 el
649 2673 735 2721 Iouem
757 2677 782 2719 el
801 2672 986 2721 dominatorem
1003 2685 1088 2720 rerum
1103 2678 1127 2720 et
1146 2671 1231 2720 omniu

116 2747 178 2788 nutu
192 2748 322 2806 regentem
339 2749 372 2801 et,
387 2748 415 2790 ul
432 2740 501 2791 idem
514 2741 621 2801 Ennius,
636 2741 777 2807 pulrem'
797 2757 819 2790 e.
835 2757 859 2804 q.
875 2756 896 2789 s.
917 2739 1009 2806 (Deest
1025 2740 1051 2788 in
1064 2739 1119 2791 Pul.
1135 2737 1229 2804 Viud.)

187 2808 244 2859 CIV
269 2810 351 2859 Varro
367 2809 399 2860 de
414 2810 444 2858 L.
460 2811 489 2860 L.
504 2812 552 2859 VII
566 2812 597 2860 41
615 2811 649 2860 Μ.
670 2814 762 2872 ‘quom
785 2825 826 2860 res
839 2811 922 2860 meIor
939 2817 1008 2870 eret,
1033 2816 1146 2859 oratores
1160 2809 1231 2875 legu-

116 2876 209 2927 bentur
223 2879 387 2944 potissimum
402 2880 446 2943 qui
459 2895 562 2930 eausam
577 2880 784 2930 commodissime
799 2893 871 2929 orare
885 2885 1011 2944 poterent.
1037 2879 1125 2942 Itaque
1134 2879 1231 2928 Ennius

116 2948 153 2995 ait
174 2949 230 2996 ...'
301 2948 345 2999 CV
369 2950 452 2999 Varro
472 2951 503 3000 de
523 2950 552 2999 L.
573 2949 603 3000 L.
624 2950 672 3000 VII
695 2949 747 3000 100
765 2948 799 2998 M.
831 2949 917 3016 ‘apud
936 2949 1060 2998 Ennium:
1086 2949 1229 2998 decretum'

117 3032 140 3064 e.
159 3033 183 3080 q.
199 3033 220 3066 s.
240 3017 304 3067 ‘hoc
316 3020 424 3069 uerbum
438 3019 514 3070 Ennii
526 3019 622 3069 dietum
636 3035 650 3068 a
663 3017 799 3078 fodiendo;
819 3033 834 3068 u
849 3033 898 3082 quo
912 3018 1002 3068 fosso)
1074 3018 1129 3069 CVI
1147 3019 1230 3068 Varro

116 3087 149 3136 de
161 3086 190 3136 L.
205 3087 235 3136 L.
254 3089 301 3137 VII
316 3088 366 3139 103
381 3090 414 3139 Μ.
443 3090 539 3139 ‘multu
557 3090 588 3139 ab
609 3088 758 3140 animalium
779 3089 887 3138 uocibus
905 3089 997 3138 tralata
1015 3088 1041 3136 in
1055 3087 1172 3138 homines

115 3157 254 3222 perspicuo
267 3165 295 3206 ul
307 3157 384 3208 Ennii
398 3195 404 3208 .
416 3196 421 3209 .
433 3160 452 3208 .’
487 3158 526 3210 CI.
543 3159 637 3210 Paulus
653 3159 722 3208 Festi
741 3173 767 3222 p.
785 3158 832 3208 121
848 3159 882 3208 M.
908 3157 1048 3207 ‘latrare
1068 3157 1165 3206 Ennius
1183 3170 1230 3221 pro

114 3240 222 3290 poscere
235 3227 340 3292 posuit)
413 3229 490 3279 CVII.
511 3229 592 3279 CVIII
610 3229 693 3277 Varro
710 3228 742 3276 de
757 3227 787 3276 L.
797 3227 827 3276 L.
844 3228 892 3276 VII
905 3226 953 3278 104
963 3226 997 3275 M.
1018 3226 1117 3275 ‘minus
1130 3227 1232 3292 uperlo’

115 3294 162 3360 (ab
179 3296 329 3347 animalium
347 3298 453 3348 uocibus
471 3297 563 3348 tralato
580 3299 606 3346 in
624 3293 756 3360 homines)
777 3299 818 3345 ‘ut
884 3296 960 3345 Ennii
974 3310 989 3344 u
1007 3294 1087 3344 uitulo
1163 3295 1231 3344 eius·

116 3365 175 3414 dem
193 3381 209 3414 a
229 3367 310 3416 boue:
337 3367 448 3418 elamore
467 3368 606 3426 bouanles3
637 3366 753 3416 eiusdem
774 3380 789 3414 a
812 3365 898 3414 leone:
931 3363 1052 3431 pausam’
1083 3379 1106 3413 e.
1128 3378 1153 3427 q.
1172 3379 1194 3413 s.

151 3433 208 3485 CIX
227 3436 324 3484 Hirtius
340 3436 400 3486 beII.
416 3437 489 3502 IIisp.
507 3453 528 3487 e.
543 3434 576 3488 23
596 3435 654 3484 ‘hie
666 3443 729 3495 tum,
746 3443 772 3483 ut
786 3435 821 3484 uit
832 3435 938 3495 Eunus,
958 3433 1079 3483 nostri’
1093 3449 1116 3484 e.
1132 3449 1156 3495 q.
1172 3449 1194 3483 s.

152 3501 196 3552 CX
215 3503 309 3552 Paulus
321 3503 390 3554 Festi
408 3521 434 3571 p.
449 3505 466 3556 C
480 3507 514 3556 Μ.
542 3505 732 3569 ‘odgrelus,
754 3504 823 3569 opud
841 3504 964 3553 Ennium:
984 3503 1142 3569 odgrelus
1164 3501 1230 3553 lari

115 3585 163 3636 pro
178 3585 208 3620 eo
224 3571 292 3634 quod
308 3580 345 3621 est
361 3574 500 3638 adgressus
516 3576 626 3639 ponitur,
646 3573 714 3636 quod
728 3574 836 3622 uerbum
850 3574 920 3622 uenit
936 3589 952 3622 e
966 3573 1062 3623 Graeco
1133 3572 1229 3638 surgo!

116 3641 187 3690 Idem
201 3656 227 3705 p.
244 3638 278 3690 78
294 3640 328 3690 M.
354 3645 470 3708 ‘egreius
488 3651 514 3692 et
533 3643 693 3707 adgrelus
711 3657 744 3691 ex
758 3641 854 3692 Graeco
869 3649 927 3691 sunt
940 3643 1045 3692 ductae
1062 3641 1191 3706 surgendo
1206 3647 1231 3690 et

115 3709 320 3776 proficiscendo!
392 3710 448 3760 CXI
472 3710 567 3761 Paulus
586 3711 654 3760 Festi
678 3726 704 3775 p.
721 3709 755 3762 58
775 3711 808 3760 M.
838 3708 1045 3760 ‘eohsiluere
1065 3709 1163 3759 Ennius
1183 3723 1230 3774 pro

112 3857 320 3866 -ι----.-..-

157 3956 209 4016 569
232 3951 376 4008 deoretum
390 3958 433 4007 esl
448 3952 550 4008 fossati
566 3952 708 4010 Columna.
729 3951 871 4008 deorelum
888 3958 932 4008 esl
948 3958 1022 4006 stare
1037 3951 1109 4007 libri.
1131 3950 1228 4006 deere-

115 4043 173 4092 lum
198 4039 298 4094 Iossari
324 4036 356 4094 0.
376 4033 530 4092 Muellerus
636 4040 689 4096 570
710 4040 772 4092 ouis
795 4054 865 4101 eum
886 4036 983 4093 Hauon.
1013 4036 1178 4108 summusque
1201 4037 1229 4092 iu

114 4121 240 4196 Scoliper
326 4124 376 4180 571
399 4122 523 4177 elamore
535 4123 671 4178 bouanles
687 4122 765 4177 Flor.
782 4122 933 4176 clamorem
946 4121 1075 4176 bouaulis
1089 4119 1187 4178 Haun.

158 4209 210 4266 572
238 4208 331 4262 Iacere
357 4207 419 4274 ore]
448 4206 540 4260 Iacere
566 4206 637 4262 libri.
665 4207 756 4262 iecere
785 4204 915 4262 Columna
1021 4207 1074 4264 574
1095 4203 1229 4277 adgrelus

116 4289 193 4346 ‘boni
204 4291 293 4346 codd!
311 4287 456 4362 adgrellus
470 4290 551 4363 uulpo

974 4382 1020 4445 6*
