3112 5040
244 436 287 504 38
679 443 912 500 ANNALlVltl
958 460 963 468 ’

349 616 545 708 congeriem
567 617 680 707 partit,
705 639 860 708 magnam
879 638 953 686 cum
972 615 1084 686 lassus
1104 615 1167 686 diei

345 721 475 790 Partem
497 721 615 790 fuisset
638 722 679 790 de
702 719 838 792 summis
858 721 958 790 rebus
978 719 1139 812 regundis

347 824 494 894 Consilio
517 824 596 892 indu
619 825 692 894 foro
711 824 778 893 lato
797 827 977 916 sanctoque
997 827 1128 894 senatu:

347 926 407 996 Cui
430 948 483 995 res
505 927 661 997 audacter
681 947 821 1018 magnas
839 949 1027 1018 paruasque
1044 927 1218 1016 iocumque

259 1038 321 1101 245
348 1030 584 1122 Eloqueretur,
610 1033 727 1099 cuncta
746 1029 843 1098 simul
863 1028 1013 1122 malaque
1035 1033 1066 1097 et
1089 1029 1176 1099 bona
1199 1029 1285 1100 dictu

346 1133 542 1216 Euomeret,
574 1131 677 1226 siqui
700 1132 816 1216 uellet,
843 1135 982 1224 tutoque
1004 1131 1138 1200 locaret.

347 1235 496 1319 Quocum
516 1233 619 1304 multa
640 1235 742 1325 uolup
761 1257 799 1304 ac
819 1234 943 1326 gaudia
962 1234 1111 1326 clamque
1128 1234 1312 1328 palamque.

348 1333 521 1430 Ingenium
542 1337 594 1406 cui
613 1338 704 1407 nulla
726 1338 848 1406 malum
868 1337 1030 1409 sententia
1051 1337 1169 1406 suadet

347 1437 394 1508 Vt
412 1442 537 1509 laceret
558 1440 685 1510 lacinus
709 1439 793 1509 leuis
817 1445 874 1510 aut
893 1439 1017 1524 maluS,
1043 1440 1160 1509 doctus
1181 1437 1287 1508 fidelis

258 1551 320 1612 250
348 1543 470 1612 Suauis
488 1543 588 1611 homo
609 1543 770 1614 facundus
792 1565 855 1612 suo
878 1546 1053 1612 contentus
1074 1543 1190 1612 beatus

225 1671 228 1676 ·
346 1645 457 1730 Scitus
472 1645 618 1715 secunda
637 1646 778 1738 loquens
793 1646 988 1737 intempore
1009 1645 1203 1716 commodus
1219 1645 1356 1714 uerbum

346 1747 510 1832 Paucum,
538 1748 640 1818 multa
659 1752 776 1817 tenens
797 1749 931 1842 antiqua
951 1749 1096 1839 sepulta,
1124 1751 1275 1817 uetustas

347 1850 453 1934 Quem
475 1851 552 1920 fecit
573 1873 684 1921 mores
703 1849 901 1945 ueteresque
924 1874 1099 1944 nouosque
1123 1855 1297 1934 tenentem,

346 1952 524 2022 Multorum
546 1957 694 2023 ueterum
717 1956 812 2046 leges
836 1955 1014 2048 diuumque
1033 1955 1284 2048 hominumque3

258 2063 320 2126 255
347 2056 531 2126 Prudenter
551 2058 606 2148 qui
624 2057 711 2126 dicta
731 2057 870 2150 loquiue'
884 2063 1037 2128 tacereue
1053 2057 1176 2147 possit:

345 2159 441 2227 Hunc
458 2159 543 2228 inter
561 2181 693 2254 pugnas
716 2159 878 2230 Seruilius
901 2161 948 2230 sic
970 2161 1153 2252 compellat.

670 2293 687 2329 l*
913 2292 930 2332 s

792 2350 808 2389 lt

285 2546 336 2602 241
358 2543 520 2614 congeriem
545 2547 640 2616 partit]
670 2547 784 2600 comiter
811 2546 934 2613 (comitti
958 2545 1067 2620 Lupd.)
1097 2545 1219 2618 impartit
1245 2544 1358 2616 (ipertit

243 2627 333 2682 Bora.
358 2626 428 2698 Rep.
460 2629 573 2699 inpertit
605 2630 704 2695 Voss.)
731 2631 795 2685 libri
879 2631 925 2685 die
950 2631 1039 2686 Bora.
1066 2629 1154 2704 Lupd.
1181 2630 1250 2701 Rcy.

242 2715 295 2768 242
323 2716 401 2781 parte
431 2711 510 2766 Voss.
531 2713 629 2768 Petau.
650 2713 781 2786 Mopliub.
869 2716 957 2769 luisse
986 2716 1076 2770 Beria
1161 2731 1266 2784 magna
1294 2730 1357 2768 cum

244 2790 335 2848 lassu’
364 2794 419 2849 diei
446 2797 521 2851 Parti
549 2798 668 2871 lenisset
696 2797 806 2869 Lipsius
825 2799 888 2854 Ant.
910 2798 984 2854 lect.
1013 2798 1050 2852 ΙῙ
1067 2805 1111 2857 22.
1141 2813 1244 2870 magna
1273 2815 1356 2869 quom

243 2880 324 2948 lapsa
340 2877 401 2934 dies
417 2879 472 2933 iam
487 2881 568 2936 Parte
589 2883 689 2938 luisset
704 2882 847 2938 Turnebus
860 2884 933 2940 Ado.
948 2883 1010 2938 XX
1015 2881 1092 2938 VIII
1103 2889 1138 2942 32
1224 2883 1356 2937 recundis

243 2961 330 3016 Rern.
351 2963 421 3033 Rea.
444 2964 573 3020 secundis
594 2967 682 3037 Lupd.
790 2971 842 3026 243
863 2968 1004 3043 indulorro
1026 2969 1114 3040 Lupd.
1202 2967 1287 3034 indu]
1310 2957 1359 3022 alil

243 3046 351 3100 incluso
374 3044 452 3102 Voss.
464 3063 517 3119 mp.
624 3053 678 3107 244
698 3066 831 3125 paruasq3
847 3053 936 3106 Beris.
1042 3058 1093 3110 245
1115 3053 1287 3122 ⁰loqueretur
1302 3050 1356 3107 Pe-

242 3136 297 3185 tau.
384 3137 484 3186 cuncta
502 3133 585 3188 simul
601 3135 730 3205 malaque
747 3140 774 3188 et
791 3137 865 3190 bona
882 3135 931 3190 Tb.
948 3135 1067 3209 Hirpinis.
1089 3143 1116 3190 et
1133 3142 1232 3191 cuneta
1254 3137 1356 3208 malaq3

243 3219 270 3267 et
283 3215 357 3268 bona
371 3214 460 3270 Bern.
477 3215 565 3290 rapu.
585 3218 654 3292 Rep.
679 3219 702 3273 dr
721 3225 859 3274 cunctam.
876 3221 958 3291 alusq
974 3221 998 3275 dr
1015 3223 1089 3276 bona
1106 3219 1237 3292 Mapliab.
1256 3227 1356 3276 cuncta

241 3299 361 3369 malusq3
380 3304 407 3353 et
422 3301 496 3355 bona
516 3302 596 3358 Voss.
610 3302 708 3361 Petau.
742 3306 828 3359 tincta
843 3305 925 3360 malis
942 3311 970 3358 et
984 3323 1056 3376 quae
1070 3307 1145 3362 bona
1160 3305 1272 3376 Lipsius

242 3381 354 3436 dietuue
377 3392 504 3439 uomeret
532 3385 629 3441 Petau.
738 3391 791 3446 247
817 3405 938 3458 quocum
964 3390 1027 3444 libri
1045 3406 1107 3446 cum
1132 3389 1240 3445 Thoan.
1270 3396 1356 3456 (teste

240 3463 281 3519 Μ.
297 3463 426 3533 Hertzio)
513 3471 598 3540 uolup
615 3487 648 3526 ae
671 3471 819 3540 Columna,
838 3472 889 3527 Tb.
903 3473 1027 3545 litigius,
1047 3477 1095 3546 qui
1109 3482 1200 3530 tamen
1214 3474 1289 3545 quod
1305 3489 1353 3528 ue-

241 3565 304 3603 rum
325 3553 439 3604 estnon
460 3552 570 3608 uidetur
591 3561 733 3612 assecutus
755 3570 824 3611 csse.
847 3558 987 3628 uoluptate
1013 3557 1082 3630 Rep.
1121 3554 1244 3629 uolnp.tm
1276 3557 1354 3614 Voss.

123 3691 125 3697 1
241 3653 326 3725 uolup
341 3690 370 3706 ..
391 3653 479 3710 Bern.
495 3659 580 3730 uolup
595 3653 693 3716 Petaa.
710 3661 851 3734 Mapb'ab„
870 3679 923 3717 om.
940 3663 1028 3737 Lupd.
1117 3655 1187 3720 Ι249
1212 3637 1246 3738 dig
1264 3667 1352 3738 Lupcl.

303 3741 351 3794 aut
372 3736 450 3794 Voss.
464 3740 532 3810 haut
546 3743 636 3800 Bern.
651 3745 721 3818 Rep.
737 3746 815 3802 haud
829 3749 914 3803 ceteri
996 3753 1049 3806 250
1067 3748 1212 3818 contdptus
1231 3751 1311 3816 Voss.

281 3827 333 3890 251
356 3823 455 3878 urbum
475 3825 565 3881 Bem.
671 3836 723 3889 252
744 3848 866 3902 paucum
886 3833 977 3904 uutpo.
1010 3847 1165 3904 paucorum
1185 3833 1250 3889 libri

239 3911 292 3966 253
314 3909 489 3978 quemfecit]
510 3927 582 3981 quae
601 3911 666 3968 tacit
681 3921 708 3968 et
721 3915 793 3971 libri.
825 3933 908 3987 quem
924 3917 990 3972 lacit
1004 3923 1031 3974 et
1046 3914 1072 3970 I.
1087 3915 1137 3974 Fr.
1157 3916 1309 3976 &naeuius

283 3995 335 4050 254
357 3990 453 4048 diuum
464 3993 563 4051 Petou·
669 4004 721 4056 255
742 3999 907 4070 prudentem
922 4001 986 4057 libri
1068 4002 1181 4072 loquine
1197 4002 1265 4080 Rep.

240 4079 370 4133 tacereue
388 4077 478 4134 Bern.
499 4085 648 4153 tacereque
669 4081 747 4140 Voss.
763 4083 860 4140 Petou.
876 4083 1008 4158 Mopliub.
1032 4091 1125 4142 tacere
1140 4085 1228 4160 Laod.
1240 4087 1308 4162 Rep.

282 4154 362 4250 possi
383 4181 459 4238 Voss.
476 4192 574 4255 posset
588 4188 673 4242 ceteri
775 4193 827 4248 256
848 4189 956 4262 pugnas
976 4191 1064 4263 Lirpd.
1151 4191 1289 4248 Seruilius
1310 4195 1351 4250 sie

242 4265 657 4334 superstruebatur.
676 4289 708 4342 p.
726 4275 760 4330 97
783 4273 839 4341 (bd
861 4273 948 4347 Lupd.
971 4279 1070 4344 1597),
1095 4275 1292 4334 ὶαεΙιηιαηηαε
1314 4278 1377 4334 ad·

241 4347 327 4406 Lacr.
354 4348 397 4406 VI
418 4355 499 4414 1051.
531 4357 679 4426 compellat
700 4358 953 4436 (conpellatllep.)
982 4360 1113 4423 seruilius
1137 4361 1179 4418 sic
1201 4361 1276 4428 libri.
1298 4363 1353 4418 nisi
