2984 5048
663 394 895 454 sunnttvtt

332 676 538 771 Contempsit
558 680 669 750 fontes
688 562 895 773 qbibtlllblelse
916 680 1027 774 erugit
1045 701 1153 776 aquae
1173 679 1237 750 uis.

701 815 868 886 LXXXIII
1051 877 1053 882 ,

329 916 459 993 Interea
477 918 564 1012 logii
584 917 679 988 albus
700 919 796 990 iubar
817 919 1019 1012 Hyperionis
1042 942 1186 990 cursum.

695 1038 868 1108 LXXXIV

329 1141 409 1211 lude
426 1141 580 1233 patefecit
597 1141 697 1211 radiis
714 1145 787 1211 rota
807 1142 947 1214 candida
967 1142 1104 1213 caelum.
1160 1217 1168 1231 ,

706 1257 865 1329 LXXXV

330 1359 402 1430 llos
422 1362 526 1452 pestis
544 1362 669 1447 necuit,
697 1362 913 1453 pars-occidit
929 1362 985 1433 illa
1002 1361 1131 1433 duellis.

693 1477 867 1550 LXXXVI

240 1588 302 1650 550
330 1579 398 1650 Vix
416 1581 557 1652 solidum
578 1581 745 1674 complere
766 1581 885 1652 cohum
904 1581 1087 1652 terroribus
1107 1581 1189 1651 caeli

688 1718 876 1790 LXXXVII

331 1815 454 1890 Omnes
476 1819 633 1892 mortales
655 1843 732 1892 sese
754 1821 918 1894 laudarier
940 1823 1064 1912 optant.

684 1957 885 2028 LXXXVIII

332 2055 414 2127 Cum
432 2056 620 2150 legionibus
639 2083 739 2154 quom
756 2059 977 2152 proficiscitur
999 2056 1215 2148 induperator

227 2255 290 2320 qne’
321 2273 344 2307 c.
369 2273 394 2320 q.
419 2273 441 2308 s.
511 2259 632 2310 LXXXII
658 2263 771 2312 Incertus
801 2262 833 2314 de
853 2261 933 2313 uerbo
961 2257 1057 2326 (Anat.
1080 2257 1194 2308 Vindob.
1217 2272 1243 2323 p.
1272 2255 1343 2322 lta)

228 2329 358 2376 ‘eructo
426 2334 466 2378 est
485 2341 501 2378 a
520 2330 600 2381 uerbo
623 2333 739 2398 erugit.
772 2331 870 2382 Ennius
886 2332 938 2381 ...’
967 2329 1112 2380 Macrobius
1130 2327 1232 2378 dediti.
1247 2334 1340 2377 etsoc.

227 2395 317 2447 Graeci
330 2404 354 2447 et
365 2397 420 2448 Lat.
435 2398 508 2449 uerbi
521 2400 552 2450 21
570 2400 595 2466 (Ι
608 2415 634 2466 p.
649 2403 700 2453 270
713 2399 786 2466 Jan.)
812 2405 923 2452 ‘eructat
943 2399 1157 2462 frequentatinum
1175 2405 1215 2446 est
1236 2412 1251 2446 a
1269 2398 1342 2462 prin-

229 2466 308 2532 cipali
335 2468 442 2534 erugit
469 2483 570 2532 aquae
595 2472 663 2520 nis.'
687 2471 826 2537 (erugit.
850 2471 989 2522 Ennius:
1020 2467 1128 2533 erugit
1155 2481 1259 2530 aquae
1285 2467 1340 2514 nis

225 2537 350 2596 Zenonis,
372 2537 465 2598 Ianus,
489 2539 539 2588 nisi
554 2539 622 2602 qnod
643 2541 685 2592 hic
702 2541 869 2606 exerugit:
889 2542 967 2590 immo
985 2545 1067 2588 totum
1087 2535 1216 2586 Macrobio
1236 2549 1342 2586 uersum

148 2613 154 2626 ·
225 2607 359 2657 restituere
374 2605 514 2672 debebant)
584 2609 718 2660 LXXXIII
736 2611 918 2662 PriscianusV
932 2623 959 2674 p.
969 2605 1021 2658 658
1033 2607 1061 2657 P.
1076 2605 1102 2671 (l
1114 2620 1141 2670 p.
1152 2605 1202 2656 196
1214 2603 1259 2668 lt.)
1277 2606 1342 2653 ‘tu-

227 2676 283 2725 bar
303 2690 403 2740 quoque
416 2684 469 2725 tam
486 2678 654 2728 masculinum
667 2694 745 2742 qnam
757 2687 874 2730 neutrum
888 2677 1061 2744 proterebant.
1090 2675 1188 2726 Ennius
1201 2676 1227 2724 in
1242 2674 1342 2723 annali-

226 2745 275 2794 bus
289 2747 342 2794 ...’
412 2745 547 2798 LXXXIV
565 2747 678 2798 Isidorus
692 2748 762 2814 OrIg.
778 2748 865 2799 XVIII
879 2748 913 2800 36
936 2747 1010 2796 ‘ideo
1024 2754 1108 2796 antem
1123 2745 1186 2794 rotis
1201 2744 1342 2808 quadrigas

227 2829 328 2864 currere
347 2815 434 2864 dicunt
451 2817 507 2866 sine
526 2810 586 2880 qnia'
603 2817 713 2867 mundns
729 2819 777 2869 iste
794 2818 883 2872 circuli
897 2818 937 2868 sni
956 2815 1085 2866 celeritate
1100 2815 1263 2872 transcurrit,
1283 2813 1342 2862 sine

225 2891 331 2950 propter
344 2885 424 2935 solem
439 2887 499 2948 quia
518 2886 627 2937 uolubili
641 2888 738 2938 ambitu
755 2894 834 2949 rotat,
859 2889 925 2938 sicut
944 2886 979 2935 ait
996 2885 1093 2936 Ennius
1107 2884 1159 2932 ...'
1193 2882 1299 2932 Seruius
1313 2883 1341 2930 in

226 2953 292 3002 Aen.
307 2953 343 3002 Vl
359 2952 410 3005 748
437 2957 554 3004 ‘rotam
568 2957 672 3006 uolnere
692 2973 739 3023 per
760 2971 854 3007 annos:
881 2962 1020 3022 exegerunt
1036 2960 1157 3003 statutum
1175 2960 1276 3018 tempus
1294 2966 1343 3017 per

226 3035 349 3072 annornm
364 3022 560 3074 uolubilitatem.
591 3025 637 3075 list
650 3033 733 3076 autem
745 3041 828 3076 sermo
841 3027 935 3076 Ennii!
1004 3023 1126 3074 LXXXV
1144 3023 1290 3071 Priscianus
1304 3020 1342 3069 IX

226 3107 253 3158 p.
270 3091 319 3143 861
341 3094 369 3143 P.
393 3093 418 3160 (l
436 3109 462 3159 p.
477 3092 529 3145 453
546 3092 591 3160 X.)
614 3096 733 3162 ‘proprie
749 3104 853 3146 necatus
873 3095 956 3154 ferro,
980 3101 1068 3142 nectus
1085 3106 1147 3142 uero
1166 3092 1217 3141 alia
1235 3092 1262 3140 ni
1280 3105 1341 3155 per-

226 3171 327 3230 emptus
346 3162 448 3213 dicitur.
480 3164 577 3214 Ennius
592 3165 647 3214 ...’
718 3164 851 3214 LXXXVI
871 3166 986 3215 Isidorus
1005 3162 1037 3212 de
1056 3169 1147 3212 natura
1164 3175 1249 3210 rerum
1269 3175 1292 3208 c.
1307 3159 1341 3209 12

227 3235 328 3297 ‘partes
349 3241 433 3284 autem
452 3235 521 3284 eius’
545 3234 658 3300 (caelum
671 3233 748 3298 dicit)
769 3233 865 3286 ‘chous
884 3235 941 3284 axis
961 3232 1078 3282 cardines
1096 3245 1212 3280 connexa
1229 3229 1284 3294 poli
1304 3229 1340 3276 si-

125 3333 128 3336 -
227 3301 297 3352 dora.
325 3302 410 3354 Chous
428 3303 496 3367 quod
517 3305 616 3354 eaelum
634 3305 753 3354 continet.
785 3305 859 3355 Vnde
879 3303 976 3354 Ennius
993 3303 1050 3350 ...’
1120 3299 1266 3350 LXXXVII
1286 3297 1339 3346 An-

225 3373 344 3436 gustinus
367 3373 399 3423 de
417 3373 476 3422 trin.
496 3373 595 3424 x1116
630 3372 713 3423 ‘illud
742 3371 817 3423 etiam
844 3372 912 3436 quod
938 3378 1012 3422 uetus
1040 3371 1117 3436 podia
1142 3369 1208 3419 dixit
1229 3369 1338 3418 Ennius:

226 3442 329 3490 omnes'
348 3457 372 3491 e.
389 3458 413 3504 q.
429 3457 450 3491 s.
476 3441 603 3506 ‘prolecto
619 3449 644 3492 et
661 3441 694 3492 de
705 3456 733 3492 se
749 3443 806 3508 ipso
820 3451 844 3492 et
863 3441 895 3492 dc
909 3443 942 3492 iis
957 3455 1021 3504 quos
1042 3447 1163 3504 expertus
1181 3437 1264 3488 luerat
1278 3450 1339 3486 con-

225 3510 303 3560 iecit’
331 3510 403 3561 Idem
416 3525 457 3576 ep.
473 3509 533 3571 ²31,
549 3511 565 3562 3
584 3515 645 3578 ‘ego
661 3518 745 3560 autern
760 3512 827 3574 quod
842 3514 878 3561 ait
892 3512 1003 3561 Ennius:
1020 3509 1121 3559 omnes’
1138 3524 1161 3558 e.
1177 3524 1201 3570 q.
1217 3523 1239 3556 s.
1266 3510 1338 3572 ‘par-

225 3580 270 3629 tim
291 3587 352 3646 puto
377 3580 587 3647 approbandam,
618 3581 711 3647 partim
735 3580 895 3630 canendum!
971 3578 1129 3629 LXXXVIII
1160 3577 1338 3627 Cassiodorius

226 3664 253 3715 p.
266 3649 336 3702 2318
347 3651 375 3701 Ρ.
401 3654 485 3700 ‘cum
500 3652 657 3718 praepositio
672 3666 719 3717 per
737 3666 750 3699 c
765 3651 900 3700 scribenda
914 3657 965 3708 est;
984 3663 1062 3712 quum
1076 3647 1226 3697 aduerbium
1239 3653 1337 3710 tempo-

224 3720 269 3781 ris,
287 3721 355 3784 qnod
370 3719 497 3788 significat
509 3721 621 3785 quando,
635 3736 681 3787 per
695 3736 710 3784 q
724 3720 886 3772 scribendum
903 3725 941 3768 est
955 3718 1116 3769 discretionis
1129 3731 1215 3776 causa,
1228 3723 1256 3765 ut
1268 3715 1337 3781 apud

227 3833 426 3844 ——-——.

226 3911 230 3918 '
265 3899 317 3957 oto
332 3897 432 3968 quibus
447 3895 649 3969 exerugiteod.
665 3896 716 3951 ted
729 3896 861 3952 extribus
871 3897 983 3969 punctis
996 3899 1118 3951 notatam
1209 3889 1259 3948 stt
1275 3887 1338 3944 llis·

221 3981 347 4052 perionis
360 3981 449 4055 Lupd.
534 3989 588 4042 550
603 3978 929 4054 solidumILIIberptuo.
946 3981 1036 4036 solum
1047 3977 1174 4036 rabono
1252 3975 1337 4045 pilam

224 4065 273 4121 uix
295 4066 343 4124 Sol
366 4065 488 4123 mediam
509 4069 651 4140 complere
668 4063 794 4138 Scoliper
812 4065 852 4120 od
864 4066 975 4121 Festum
995 4078 1019 4119 t.
1033 4082 1062 4121 a.
1079 4060 1187 4120 cottam.
1209 4058 1248 4132 cf.
1268 4057 1337 4114 licr-

223 4149 309 4208 nebus
319 4151 391 4208 Ado.
408 4151 472 4209 XX
477 4155 512 4212 29
619 4159 669 4213 551
686 4151 829 4207 laudarier
846 4155 942 4223 optant
956 4148 1020 4206 edd.
1029 4151 1130 4222 priore
1144 4148 1210 4202 loeo.
1228 4141 1337 4199 laudari

224 4242 357 4308 exoptant
380 4237 467 4294 attero
492 4255 506 4280 ι
573 4243 624 4297 552
655 4253 718 4294 eum
740 4235 899 4308 legionibus
920 4251 984 4290 cum
1005 4233 1095 4290 Ber-n.
1123 4247 1186 4286 cum
1212 4230 1231 4283 l.
1252 4243 1336 4299 quum

222 4321 304 4393 culpo
332 4341 342 4364 ν
389 4320 570 4394 induperator
583 4323 675 4396 cabo.
692 4321 842 4394 imperator
857 4319 928 4376 Por.
944 4319 1032 4374 Bertt.
