3112 5040
596 425 828 484 ΕΝΝΙΑΝΑΕ
1179 435 1267 484 xcrrr

164 595 343 673 repetiuerit‚
372 601 467 652 tamen
496 611 553 653 non
579 601 636 652 tam
665 590 756 650 Siculi
784 588 998 668 philosophiam
1021 606 1106 669 quam
1133 607 1196 650 eam
1220 594 1265 652 eui

164 700 207 760 ille
234 717 267 758 se
300 698 450 759 addixerat
473 698 684 776 Pythagoream
713 705 842 758 sectatus
872 703 926 756 est.
971 695 1086 755 Etenim
1113 697 1180 758 huic
1204 697 1266 776 phi·

163 805 328 884 losophiae,
352 822 436 882 quam
452 802 572 863 Romani
593 804 747 880 antiquitus
769 810 919 878 receptam
941 801 1099 862 studiosius
1117 801 1265 878 colebant,

163 910 264 971 Ennius
288 927 421 989 quoque,
452 909 530 988 quod
558 908 707 968 exordium
735 906 878 968 annalium
904 906 1016 982 arguit,
1048 907 1208 984 praecipue
1234 925 1268 968 se

163 1017 286 1084 dederat.
332 1015 395 1088 Qua
418 1031 450 1074 re
470 1030 528 1073 non
552 1031 610 1093 quo
633 1015 793 1090 argumenti
823 1013 965 1089 originem
994 1011 1152 1086 indicaret,
1182 1028 1268 1088 quam

163 1121 235 1200 quod
257 1119 447 1198 Epicharmus
471 1121 593 1178 eximius
613 1118 734 1180 scholae
758 1118 961 1196 Pythagoreae
990 1125 1119 1178 sectator
1142 1115 1269 1180 habebar

164 1234 220 1302 tur,
254 1224 311 1284 hoc
349 1225 376 1283 ei
411 1225 528 1283 carmini
561 1241 666 1284 nomen
700 1225 857 1303 inscripsit.
906 1221 953 1282 ct.
986 1221 1018 1280 L.
1051 1220 1087 1280 V.
1119 1220 1269 1281 Schmidtii

163 1333 278 1404 Quaest.
302 1328 406 1408 Epioh.
428 1346 456 1407 p.
480 1327 529 1388 53.
575 1309 658 1400 Quae
681 1330 749 1390 mihi
775 1331 918 1390 sententia
946 1345 982 1387 eo
1004 1327 1096 1404 magis
1116 1326 1267 1405 probatur,

163 1454 223 1496 curn
243 1433 351 1494 Ennius
383 1434 411 1492 in
437 1433 494 1492 hoc
523 1436 649 1495 carmine
680 1435 899 1515 Epicharmum‚
932 1434 995 1492 siue
1026 1433 1050 1490 is
1078 1431 1270 1493 interlocutor

161 1541 211 1600 luit
240 1541 303 1600 siue
329 1558 401 1600 unus
431 1541 525 1599 omnia
552 1539 726 1619 disputauit,
755 1542 923 1620 loquentem
953 1540 1085 1600 uideatur
1110 1537 1269 1599 induxisse.

160 1645 222 1706 lloc
245 1647 319 1705 enirn
338 1645 467 1706 indicare
489 1645 557 1704 mihi
578 1644 673 1705 Varro
693 1648 772 1706 uisus
795 1656 858 1721 est,
881 1647 928 1723 qui
955 1646 991 1706 de
1010 1645 1041 1704 h.
1063 1646 1094 1705 L.
1124 1644 1151 1701 V
1171 1643 1210 1702 59
1231 1642 1269 1702 ll.

162 1753 197 1812 de
226 1753 283 1812 hoc
322 1752 447 1811 carmine
485 1758 576 1828 itaque
607 1752 698 1830 inquit
730 1758 918 1830 Epicharmus
956 1757 990 1812 de
1024 1761 1112 1812 mente
1149 1755 1271 1810 humanu

162 1862 224 1916 dicit
245 1855 286 1934 (V
288 1855 316 1936 l)
340 1866 369 1916 et
390 1855 417 1914 V
440 1854 479 1916 68
502 1853 540 1913 Μ.
561 1861 625 1916 hinc
645 1863 835 1935 Epicharmus
856 1865 932 1920 Enni
945 1863 1147 1933 Proserpinam
1168 1872 1274 1932 quoque

161 1967 282 2038 adpellut
304 1961 413 2040 (Vlll).

244 2066 289 2127 Eo
307 2065 399 2142 lihro,
428 2084 513 2144 quern
542 2075 632 2144 potita
658 2067 858 2129 Euhemeri
888 2073 1002 2130 nomine
1028 2067 1193 2144 insigniuit‚
1214 2062 1271 2126 Eu·

160 2173 287 2250 hemeri,
309 2188 366 2250 quo
386 2169 422 2230 de
454 2169 620 2232 llrahuerus
650 2174 686 2233 de
712 2177 807 2234 causis
837 2192 914 2235 corr.
945 2174 1031 2252 relig.
1059 2171 1144 2232 Rom.
1173 2187 1201 2249 p.
1231 2169 1270 2229 37

160 2288 296 2339 accurate
329 2278 501 2355 disputauit‚
536 2294 681 2338 sacram
714 2281 923 2357 historiam,
957 2290 987 2339 ut
1017 2277 1123 2338 Cicero
1153 2278 1192 2337 ait
1220 2276 1273 2353 (de

159 2395 218 2448 nat.
241 2386 325 2445 deor.
346 2382 359 2441 Ι
381 2381 433 2457 42,
456 2382 548 2462 119),
572 2384 792 2463 ‘interpretatus
814 2395 843 2446 et
865 2396 984 2445 secutus
1011 2386 1077 2444 est'
1122 2381 1272 2458 Reliquias

159 2489 227 2549 inde
249 2490 332 2548 unius
354 2488 494 2549 Laetantii
517 2500 695 2564 paganorum
724 2491 850 2568 ineptias·
877 2491 1044 2562 confutandi
1066 2488 1188 2548 studium
1210 2503 1273 2546 ser·

160 2595 257 2671 cauit,
280 2593 347 2653 stilo
371 2593 502 2672 pedestri
525 2601 676 2669 exaratas,
700 2594 753 2653 sed
775 2597 814 2654 ita
846 2605 876 2654 ut
902 2595 1020 2656 multum
1046 2592 1206 2654 abhorrere
1235 2592 1271 2652 ah

159 2709 258 2760 aetate
276 2699 361 2758 Ennii
383 2699 550 2774 uideantur,
575 2717 660 2776 quem
685 2718 743 2778 ego
772 2718 860 2780 prosa
890 2701 1022 2760 oratione
1054 2699 1168 2758 omnino
1190 2715 1272 2758 usum

160 2823 230 2864 esse
250 2804 370 2865 dillicile
390 2805 559 2864 concedam.
604 2803 636 2863 ln
656 2824 713 2884 qua
733 2825 821 2868 causa
841 2805 909 2866 nihil
925 2822 979 2865 nos
990 2804 1129 2864 Varronis
1149 2804 1218 2864 loon
1234 2803 1271 2862 de

157 2929 193 2970 re
217 2911 325 2971 rustica
346 2910 359 2970 l
382 2909 421 2970 48
445 2908 627 2985 adiuuamnr,
648 2911 724 2988 apud
747 2930 833 2991 quem
862 2929 919 2972 non
948 2909 1026 2990 quod
1052 2909 1224 2987 uulgahatur
1244 2914 1273 2966 iu

157 3021 313 3076 Euhemeri
328 3019 463 3091 uersihuS,
477 3014 530 3074 sed
545 3021 573 3073 iu
585 3019 736 3076 Euhemeri
750 3023 826 3077 libris
842 3025 932 3078 uernis
951 3017 1050 3096 optimi
1068 3015 1134 3076 libri
1149 3016 1273 3075 auctori·

157 3131 220 3181 tate
239 3122 431 3183 confirmatur.
449 3118 494 3180 (ll.
507 3121 732 3182 Politianiltlisc.
749 3141 774 3182 c.
787 3123 837 3184 35.
863 3122 936 3182 Eum
947 3130 1042 3181 autem
1057 3134 1174 3177 uersum
1189 3132 1274 3194 quern

158 3224 224 3282 sine
243 3223 307 3297 libri
330 3224 435 3285 indicio
451 3225 562 3287 Nonius
582 3247 610 3306 p.
628 3227 708 3301 216,
733 3227 772 3287 29
791 3229 889 3288 citauit
913 3226 1003 3304 (dnn.
1022 3225 1035 3285 l
1052 3226 1088 3285 ir.
1105 3219 1202 3300 XXV)
1226 3239 1272 3308 su·

157 3346 215 3406 pra
237 3331 333 3389 monui
359 3347 388 3408 p.
419 3331 516 3392 XXVI
540 3352 591 3392 cur
610 3331 645 3393 ah
666 3330 831 3394 Euhemero
855 3333 979 3394 alienum
1008 3332 1119 3391 ducam.
1164 3327 1273 3386 Verum

157 3435 239 3493 enirn
266 3450 337 3492 uero
366 3454 430 3496 cum
457 3436 621 3499 Columella
647 3438 689 3500 lX
717 3437 863 3516 2poe'tum
883 3444 1068 3499 Euhemerum
1092 3434 1150 3514 (V)
1178 3433 1274 3494 lauda·

155 3540 243 3596 uisse
267 3536 351 3598 Ennii
373 3559 483 3601 memor
502 3543 648 3619 uideatur,
676 3554 734 3603 tum
762 3563 810 3603 res
841 3544 993 3602 coniicitur
1022 3543 1127 3620 opinor
1155 3541 1273 3597 inuento

154 3643 285 3720 llbergii
307 3647 382 3720 mei,
413 3647 462 3724 qui
484 3648 696 3708 delitescentes
725 3647 778 3707 suh
807 3646 948 3706 Laetantii
970 3644 1069 3702 uerbis
1092 3653 1274 3703 tetrametro-

154 3768 225 3809 rum
250 3749 407 3828 particulas
430 3752 590 3811 suscitauit.
635 3751 709 3811 Vide
733 3753 818 3828 igitur
842 3766 914 3828 quos
937 3748 988 3808 ille
1018 3749 1094 3808 eir.
1127 3746 1181 3808 Xll
1206 3764 1272 3805 uer-

154 3873 212 3914 sus
246 3855 453 3933 descripserit:
482 3858 611 3930 Iuppiter
631 3867 780 3932 postquam
809 3861 902 3914 dmuec
927 3868 1020 3915 terroe
1047 3857 1176 3913 circuiunt
1195 3855 1274 3928 quin-

154 3989 259 4056 quiens
283 3977 287 4064 i
316 3961 495 4057 Omnibusque
516 3983 574 4040 auia
599 3989 694 4042 amicta
721 3985 803 4058 dtpue
823 3984 946 4058 capuam
973 3987 1030 4040 auia
1050 3977 1055 4063 l
1074 3959 1199 4055 imperio
1228 3998 1277 4038 eac·

147 4091 273 4162 pendit,
306 4093 415 4162 reliquit
441 4089 527 4164 tepea,
559 4106 650 4146 mores
676 4088 794 4162 eudicti,
821 4083 826 4168 Ι
853 4091 1033 4145 Frumentum
1059 4089 1176 4160 porduit
1207 4093 1276 4146 aliu·

154 4211 217 4266 que
247 4194 387 4251 inmortali
412 4197 501 4268 pidriu
527 4190 532 4275 Ι
556 4196 647 4252 Multo
674 4196 750 4267 fecit.
780 4199 808 4250 et
837 4209 854 4250 e
883 4193 919 4252 ir.
947 4191 1015 4251 Vlll
1044 4195 1172 4267 Iuppiter
1200 4196 1276 4267 Nep-

153 4301 230 4355 tuno
250 4303 394 4372 imperium
411 4303 493 4374 pdnti
513 4303 577 4375 dut,
596 4309 625 4357 ut
652 4304 680 4356 iu
709 4301 806 4356 insulis
826 4296 831 4380 Ι
850 4299 962 4369 Quueue
982 4316 1062 4358 secus
1080 4301 1195 4373 pontum
1216 4303 1277 4356 loca
