3112 5040
624 417 868 488 animumn
1260 409 1300 478 13

661 582 829 656 XLVIII*

288 691 471 784 Postquam
492 689 642 762 consistit
664 690 788 761 fluuius
810 688 866 783 qui
893 691 944 758 est
967 687 1110 759 oumibu'
1133 690 1299 782 princeps,
1334 749 1339 758 .
1382 697 1387 706 ’

291 794 355 880 Qui
378 795 440 864 sub
463 796 616 866 caeruleo

677 892 807 964 XLIX*

222 1008 262 1069 70
290 1052 549 1071 .....
603 1000 703 1089 lupus
719 997 842 1068 lemine
858 997 925 1067 seta
944 999 1079 1088 repente

714 1114 770 1186 L*

288 1218 462 1311 Vergilius
483 1219 568 1289 Aen.
587 1216 663 1288 VIII
683 1227 744 1290 630
773 1222 913 1290 ‘fecerat
933 1222 966 1288 et
988 1218 1083 1289 uiridi
1103 1220 1204 1289 letam
1223 1217 1301 1288 Ma«

186 1320 291 1391 uortis
321 1321 354 1392 in
386 1325 480 1392 antro
502 1322 725 1392 Procubuisse
753 1323 880 1415 lupam:
919 1323 1071 1414 geminos
1093 1323 1169 1392 huic
1195 1322 1299 1392 ubera

186 1425 307 1514 circum
329 1424 459 1494 Ludere
485 1426 660 1516 pendentis
684 1447 826 1517 pueroS,
857 1429 890 1495 et
914 1426 1059 1496 lambere
1082 1430 1219 1496 matrem
1241 1424 1299 1491 In-

185 1528 342 1619 pauidos3
382 1528 473 1600 illam
498 1529 593 1599 tereti
625 1529 754 1598 ceruice
784 1529 943 1598 reflexam
965 1529 1110 1598 Mulcere
1141 1528 1297 1610 alternos

186 1635 218 1700 et
248 1653 390 1721 corpora
415 1631 544 1724 lingere
573 1632 709 1724 lngus!
748 1631 888 1702 Seruius
917 1632 951 1702 in
980 1631 1011 1701 h.
1039 1630 1059 1700 I.
1088 1638 1185 1701 ‘sane
1207 1633 1298 1699 totus

185 1733 238 1804 hic
256 1735 351 1804 locus
369 1734 539 1804 Ennianus
562 1736 632 1805 est’

760 1849 777 1888 ¹t¹

288 1954 355 2034 Fici
374 1956 553 2027 dulciterae
571 1852 851 2026 lacuntelluuere
869 1957 940 2024 toto

290 2175 415 2268 [Cliuis]
437 2177 615 2263 decedunt,
643 2072 956 2270 riuolllamposque
978 2178 1158 2245 remanant.

185 2378 270 2428 Vnus
293 2380 354 2428 erit
376 2394 466 2442 quem
485 2386 518 2427 tu
538 2378 641 2428 tolles
663 2381 695 2429 in
713 2378 849 2430 caerulo
866 2376 951 2427 caeli
984 2375 1100 2426 Tumihi
1121 2375 1225 2425 dixisti:
1247 2375 1298 2424 sint

184 2455 238 2497 reta
252 2449 320 2498 dicta
334 2450 421 2499 Iouis.'
492 2447 600 2496 XLVIII
619 2449 711 2498 Fronto
726 2450 808 2513 EpIst.
824 2448 856 2497 de
870 2455 932 2496 orat.
948 2445 1033 2512 patu
1046 2445 1087 2494 ed.
1099 2446 1172 2494 Rom.
1193 2449 1233 2510 (p.
1247 2443 1297 2493 129

184 2517 273 2582 Nieb.)
299 2518 390 2568 ‘Tiber
408 2518 490 2566 amnis
504 2524 528 2566 et
543 2517 661 2566 dominus
674 2526 698 2568 et
711 2519 843 2566 fluentium
858 2519 925 2566 circa
943 2522 1062 2581 regnator
1078 2515 1212 2564 undarum.
1247 2515 1297 2562 En-

184 2587 255 2635 nius:
281 2589 428 2652 postquam'
455 2603 478 2634 e.
499 2602 523 2649 q.
550 2601 571 2634 s.
605 2587 693 2637 Cicero
712 2585 781 2636 Orat.
803 2586 847 2646 48,
870 2586 917 2637 161
946 2586 995 2634 ‘ite
1021 2583 1089 2633 enim
1114 2584 1295 2646 loquebamur:

185 2658 238 2718 qui
260 2665 307 2706 est
327 2657 459 2706 omnibu
482 2656 651 2722 princeps,
682 2671 732 2706 non
758 2657 876 2706 omnibus
903 2654 1041 2720 princeps)
1078 2653 1133 2703 Huc
1152 2653 1230 2702 relect
1254 2653 1294 2703 ed.

183 2726 255 2789 Lips.
326 2726 410 2775 XLIX
429 2725 534 2774 Seruius
548 2726 575 2774 iu
588 2727 652 2775 Aen.
669 2727 692 2775 II
706 2724 758 2777 355
782 2729 859 2776 ‘sane
882 2725 952 2789 apud
971 2731 1070 2773 ueteres
1089 2723 1166 2789 lupus
1185 2724 1296 2789 promis-

184 2810 259 2844 cuum
284 2803 352 2856 erat,
376 2796 486 2844 Ennius:
506 2793 597 2858 lupus'
619 2812 641 2845 e.
657 2812 681 2858 q.
699 2811 720 2844 s.
752 2797 842 2846 Festus
860 2810 886 2860 p.
904 2793 955 2844 286
969 2794 1003 2842 M.
1025 2791 1202 2842 ‘rectoironte
1218 2831 1224 2842 .

184 2865 303 2925 antiquae
318 2866 345 2915 id
359 2864 549 2913 consuetudinis
565 2863 614 2913 fuit
628 2873 656 2914 ut
673 2881 731 2915 cum
751 2867 787 2914 ait
802 2865 898 2914 Ennius
915 2878 1015 2927 quoque
1033 2899 1130 2912 .....
1157 2869 1181 2911 et
1196 2862 1296 2927 lupus

184 2933 267 2982 leta!
313 2932 482 2992 Quintilianus
504 2932 605 2992 16,12
634 2935 724 3001 ‘lupus
744 2934 929 2994 masculinum,
951 2947 1104 2996 quemquam
1122 2934 1203 2982 Varro
1221 2934 1247 2981 in
1265 2946 1295 2980 eo

184 3001 249 3052 libro
270 3017 319 3066 quo
338 3003 411 3052 initia
432 3003 560 3053 Romanae
580 3005 651 3054 urbis
673 3013 773 3055 enarrat
794 3004 902 3070 lupum
922 3001 935 3053 1
941 3004 1082 3074 eminam
1106 3003 1168 3052 dIcit
1186 3002 1295 3051 Ennium

183 3073 358 3136 Pictoremque
372 3072 479 3122 Fabium
498 3075 619 3122 secutus'
650 3074 689 3124 Gi.
706 3075 795 3124 Festus
810 3090 837 3140 p.
853 3073 911 3125 150.
930 3071 1025 3122 Paulus
1039 3087 1066 3137 p.
1078 3070 1095 3121 b
1108 3080 1132 3120 et
1142 3071 1177 3122 60
1189 3071 1222 3120 Μ.
1248 3071 1295 3120 Co-

183 3142 284 3192 lumnae
298 3142 404 3192 debetur
418 3142 481 3191 haec
496 3142 617 3192 uersiculi
637 3143 711 3193 sedes
782 3144 814 3192 LI
835 3142 966 3193 Charisius
980 3143 990 3190 I
1004 3156 1031 3206 p.
1042 3139 1129 3191 1039.
1147 3141 1195 3205 (74
1204 3138 1295 3203 Lind.)

184 3211 257 3262 ‘lici
269 3212 380 3262 Ennius:
401 3211 458 3260 flcl'
478 3228 500 3261 e.
517 3228 541 3274 q.
557 3227 579 3262 s.
616 3213 759 3262 ‘Luciliusz
779 3212 822 3261 tici
842 3211 1007 3261 comeduntur
1021 3217 1045 3260 et
1057 3211 1141 3259 uuae'
1171 3209 1211 3259 Ad
1234 3223 1296 3259 erin-

184 3283 242 3332 dem
262 3282 411 3332 Columnam
430 3282 501 3332 locus
526 3281 663 3353 fragmenti
681 3283 748 3333 redit
816 3282 863 3332 LII
883 3281 972 3330 Festus
997 3295 1024 3345 p.
1044 3278 1094 3330 282
1112 3279 1145 3328 M.
1175 3283 1295 3328 ‘rema-

205 3463 260 3530 ’68
286 3473 413 3528 consistit
432 3473 460 3527 J.
481 3475 627 3530 Beckerus
644 3474 763 3546 prem.
781 3472 876 3530 Maro.
900 3477 969 3533 1819
984 3489 1017 3545 p.
1037 3477 1098 3533 331.
1120 3474 1238 3530 consisti
1262 3485 1293 3529 se

182 3554 287 3610 Fronto
373 3558 419 3628 qui
438 3562 481 3612 est
499 3560 613 3613 omnibu
632 3558 736 3614 Cicero.
760 3560 807 3630 qui
828 3561 953 3614 omnium
972 3559 1077 3614 Fronto
1181 3563 1217 3618 69
1246 3559 1293 3630 qui

183 3641 235 3693 sub
253 3642 384 3695 caeruleo
407 3641 444 3698 Η.
464 3640 608 3714 Ilberqtuc.
631 3644 678 3712 qui
700 3645 752 3698 sub
775 3644 869 3699 ciuilia
885 3645 999 3699 Fronto.
1021 3644 1068 3713 qui
1093 3645 1293 3699 subeaeruleus

182 3725 210 3777 J.
232 3725 377 3780 Becberus
464 3726 640 3798 Ooqitondum
660 3729 719 3782 uel.-
753 3729 871 3782 uoluunt
891 3743 944 3782 sua
968 3725 1084 3782 flumine
1105 3729 1185 3782 caelo

182 3811 218 3867 It)
242 3810 314 3864 lacta
337 3809 449 3868 Caeseti.
471 3810 565 3866 Seruii
665 3813 698 3869 71
725 3811 771 3866 tici
799 3811 951 3868 dulciferae
978 3812 1039 3866 cod.
1065 3811 1220 3866 dulciterae
1247 3810 1292 3866 lici

180 3895 262 3965 uulyo
368 3897 403 3953 71
414 3896 495 3950 cliuis
509 3895 660 3963 decedunt]
672 3896 774 3952 desunt
783 3897 931 3964 codFeclr',
944 3913 997 3952 om.
1009 3895 1122 3951 Paulus.
1136 3896 1171 3950 de
1185 3913 1293 3951 summo

181 3978 364 4034 Doedertinus
374 3979 475 4035 debat.
487 3996 548 4036 noc.
560 3983 630 4052 ortq.
637 3998 669 4051 p.
677 3983 737 4040 178.
751 3981 880 4038 desubito
892 3983 1020 4053 linquunt
1027 3979 1168 4052 Berqlciur
1173 3980 1291 4052 prem.

181 4064 229 4117 litt.
240 4063 307 4122 Hal.
326 4067 395 4122 1842
410 4063 448 4119 II
458 4069 511 4124 139
596 4072 704 4120 remant
720 4067 817 4121 Festus
902 4066 1053 4122 destituunt
1070 4067 1146 4120 riuos
1164 4081 1293 4137 campos·

182 4162 235 4217 que
260 4149 379 4203 renitent
401 4149 535 4222 Scatiqer.
566 4150 691 4206 deseruit
719 4152 796 4206 riuos
817 4167 989 4222 camposque
1012 4155 1139 4204 remanat
1157 4150 1293 4206 Bortbius

181 4232 360 4371 illiduilblgrd‘fl‘
364 4233 442 4289 VIII
453 4242 494 4294 11.
518 4235 609 4306 deque
625 4241 720 4291 serunt
734 4235 827 4290 undae
842 4251 974 4306 campos;
997 4237 1129 4306 ripasque
1148 4243 1292 4294 remanant

215 4355 221 4368 ·
309 4333 371 4390 W
