3112 5040
609 420 850 524 auurovrlu

554 789 560 814 „
596 722 755 805 LIBER
786 721 859 805 lllll

613 993 616 1002 .
723 926 737 1000 l

274 1050 422 1120 Verrunt
444 1049 609 1139 extemplo
629 1049 794 1139 placidum
812 1071 903 1118 mare
924 1033 1087 1120 marmore
1104 1051 1209 1123 liano:

275 1152 470 1224 Caeruleum
490 1156 621 1244 spumat
641 1153 710 1224 sale
731 1153 879 1222 conserta
897 1156 968 1222 rate
986 1153 1129 1244 pulsum.

707 1288 735 1358 Η

273 1408 408 1479 Labitur
427 1410 524 1478 uncta
545 1405 670 1476 carina:
698 1405 789 1476 uolat
807 1427 910 1496 super
930 1405 1072 1497 impetus
1089 1408 1206 1480 undas.

638 1541 749 1612 .111

184 1671 246 1734 380
273 1661 355 1738 Gum
375 1662 491 1753 procul
512 1659 674 1754 aspiciunt
692 1661 815 1731 hostes?
825 1615 983 1730 accedere
1004 1661 1119 1730 uentis·

205 1833 208 1838 .
257 1765 418 1835 nauibus
440 1765 593 1906 ueliuolis
714 1864 748 1932 V

270 1969 382 2040 Litora
403 1968 468 2039 lata
491 1972 613 2039 sonunt
699 1866 713 1934 I

707 2085 740 2155 V

272 2201 397 2272 Gellius
421 2203 517 2273 1125
549 2202 641 2273 ‘item
663 2202 778 2294 rupia
807 2225 916 2295 genus
943 2201 999 2271 teli
1024 2201 1190 2270 Thraecae
1214 2223 1279 2269 na-

167 2306 265 2375 tionis
278 2306 489 2400 positumque
503 2305 567 2376 hoc
582 2307 780 2378 uocabulum
796 2308 829 2376 in
844 2306 953 2390 Quinti
968 2305 1066 2404 Enni’
1088 2304 1280 2396 (inquin-

167 2491 235 2540 anim
248 2497 348 2540 ueteres
363 2491 439 2539 etiam
457 2490 525 2540 uelle
539 2490 666 2540 dixerunt.
693 2491 804 2540 Ennius:
824 2491 966 2540 matronae’
988 2505 1010 2538 e.
1026 2505 1050 2550 q.
1065 2505 1086 2538 s.
1113 2487 1279 2554 Philargyrus

167 2561 192 2608 iu
201 2559 292 2625 Georg.
304 2557 400 2610 111230
410 2563 463 2610 ‘ore
473 2557 589 2624 laueJ—
597 2561 745 2625 -ponitur
757 2559 845 2608 eadem
856 2574 907 2608 uox
918 2567 942 2608 et
954 2573 1000 2624 pro
1010 2558 1078 2607 uelle
1089 2557 1159 2622 apud
1170 2558 1279 2606 Ennium

168 2631 193 2676 in
206 2629 278 2681 Xlll:
299 2629 441 2678 matronae·
457 2645 479 2678 e.
494 2645 519 2690 q.
533 2645 554 2678 s.
571 2630 603 2678 ί1.
621 2645 643 2678 e.
657 2628 790 2678 uolentes.'
805 2628 881 2693 (XVI
894 2625 1027 2691 GLionis)

236 2699 323 2753 Lraan
334 2698 394 2747 XIV
429 2699 439 2746 1
455 2697 552 2748 Gellius
565 2699 586 2748 11
599 2699 634 2750 26
653 2697 713 2748 ‘sed
726 2715 783 2748 curn
798 2700 884 2750 omnia
897 2699 980 2748 libens
994 2695 1083 2748 audiui
1096 2709 1161 2756 qnae
1176 2693 1280 2760 peritis-

167 2768 232 2818 sime
251 2768 355 2828 dixisti,
375 2776 427 2816 tum
441 2768 552 2817 maxime
567 2767 635 2831 quod
652 2769 801 2818 uarietatem
815 2768 877 2818 llaui
890 2768 983 2818 coloris
1003 2765 1126 2816 enarrasti
1146 2763 1280 2827 fecistique

167 2874 194 2916 ut
213 2865 388 2931 intellegerem
404 2863 485 2913 uerba
502 2865 548 2914 illa
566 2883 598 2916 ex
611 2865 697 2916 annali
713 2874 801 2929 quarto
817 2867 928 2917 decimo'
948 2845 1031 2932 (qhto
1052 2865 1131 2914 Xllll.
1144 2861 1279 2927 Rottend.)

168 2936 252 2986 ‘Ennii
266 2934 455 2994 amoenissima,
474 2949 539 2996 quae
553 2937 658 2985 minime
671 2936 865 3002 intellegebam:
885 2937 1001 2988 uerrunt'
1015 2951 1037 2985 e.
1050 2951 1074 2998 q.
1086 2951 1107 2984 s.
1132 2939 1197 2984 ‘non
1212 2935 1279 2985 enim
1339 2991 1341 2996 Ι

166 3006 302 3055 uidebatur
314 3003 500 3053 caeruleum
510 3019 595 3055 mare
608 3021 665 3055 cum
675 3022 830 3061 marmore
840 3007 928 3057 llauo
941 3006 1086 3056 conuenire.
1106 3003 1158 3054 Sed
1169 3020 1226 3053 cum
1237 3004 1278 3062 sit,

167 3078 202 3125 ita
221 3082 248 3124 ut
263 3074 366 3134 dixisti,
385 3073 467 3122 llauus
485 3074 555 3123 color
569 3076 648 3125 uiridi
668 3083 691 3125 et
706 3076 765 3126 albo
783 3078 892 3138 mixtus,
911 3075 1083 3142 pulcherrime
1097 3089 1202 3140 prorsus
1218 3089 1279 3140 spu-

166 3161 221 3196 mas
241 3144 347 3194 uirentis
365 3143 443 3192 maris
461 3142 584 3194 llauom
602 3160 737 3196 marmor
753 3145 912 3212 appellauit’
939 3145 1122 3195 PriscianusV
1144 3160 1170 3209 p.
1185 3142 1236 3194 659
1249 3143 1277 3191 Ρ.

165 3216 188 3280 (l
204 3231 231 3280 p.
247 3213 297 3265 197
311 3209 357 3277 K.)
370 3214 461 3262 ‘etiam
474 3213 523 3262 boo
537 3215 607 3264 sale
619 3216 716 3264 Ennius
729 3216 834 3281 protulit
849 3216 875 3264 in
888 3215 957 3264 Xllll
971 3215 1114 3264 annalium:
1135 3213 1280 3262 caeruleum

222 3300 339 3366 pulsum,
359 3314 405 3364 pro
420 3301 509 3350 mare'
531 3299 617 3365 (XUII
631 3299 709 3366 Sang.
731 3309 845 3364 quarto
865 3302 988 3352 decimo
1007 3299 1082 3348 Beru.
1132 3283 1281 3349 anualil
1358 3327 1362 3334 -

164 3405 291 3454 Halberst.
328 3417 385 3467 per
395 3419 479 3452 mare
489 3403 644 3470 Lugdlteg.
652 3405 730 3470 Sang.
742 3420 870 3454 manere
880 3403 1006 3454 Halberst.
1020 3375 1079 3470 pdr
1090 3416 1176 3450 mare
1188 3399 1280 3465 Bern.)

232 3473 254 3520 11
273 3471 417 3520 Macrobius
432 3471 486 3522 Sat.
507 3474 543 3522 Vl
563 3473 576 3522 l
596 3490 622 3539 p.
638 3475 689 3526 504
703 3475 760 3524 Jan.
784 3474 894 3524 ‘labitur
909 3481 985 3524 uncta
1004 3473 1079 3524 uadis
1097 3471 1177 3520 abies.
1202 3470 1278 3536 [Aen.

164 3542 223 3590 Vlll
233 3539 278 3604 91]
293 3540 390 3589 Ennius
400 3542 426 3590 in
438 3551 526 3604 quarto
541 3543 639 3592 decimo
651 3580 657 3592 .
667 3580 673 3592 .
682 3545 702 3592 .'
772 3545 806 3594 111
825 3544 969 3593 Macrobius
981 3543 1034 3594 Sat.
1048 3543 1082 3591 Vl
1096 3543 1111 3592 5
1122 3557 1149 3606 p.
1157 3541 1208 3591 5211
1221 3543 1278 3590 dan.

166 3610 327 3675 ‘despiciens
344 3625 414 3659 mare
433 3611 582 3660 ueliuolum.
611 3611 686 3677 [Aen.
700 3611 785 3677 1224]
806 3613 896 3662 Liuius
980 3613 1077 3662 Ennius
1090 3613 1116 3660 in
1128 3618 1217 3672 quarto
1236 3610 1280 3660 de-

165 3681 231 3729 cimo
356 3678 425 3728 idem
442 3681 468 3727 in
488 3680 681 3730 Andromache:
700 3683 768 3747 rapit
786 3697 818 3730 ex
836 3682 887 3730 alto
901 3697 980 3731 naues
998 3680 1143 3731 ueliuolas.'
1174 3679 1280 3728 Seruius
1378 3697 1379 3702 ¹

165 3782 329 3834 Caesellanus
341 3781 368 3829 in
378 3782 442 3831 Aen.
458 3783 533 3832 1224
548 3781 672 3830 ‘nonium
694 3757 810 3833 nauide
827 3783 1013 3834 ueliuolas.’
1086 3783 1123 3841 lV¹
1135 3781 1280 3830 Priscianus

164 3853 200 3901 lX
213 3868 239 3918 p.
253 3850 304 3902 863
317 3852 345 3900 Ρ.
360 3850 386 3915 (l
399 3867 425 3916 p.
436 3852 487 3904 455
501 3849 547 3915 Κ.)
567 3851 674 3900 ‘sonui
692 3853 802 3903 sonitum
816 3881 851 3890 -
861 3851 971 3902 -haec
983 3859 1068 3901 tamen
1082 3852 1140 3917 ipsa
1153 3859 1178 3900 et
1191 3866 1281 3900 secun--

165 3923 224 3972 dum
238 3923 338 3970 tertiam
352 3921 520 3972 uetustissimi
536 3920 674 3986 protulisse
690 3923 853 3972 inueniuntur
865 3923 1085 3988 coniugationem,
1101 3927 1128 3970 ut
1143 3921 1241 3970 Ennius
1255 3922 1281 3969 in

165 4099 291 4155 Seruitia
306 4099 396 4152 melos
411 4095 598 4169 Philargyrus
703 4095 756 4156 377
778 4097 922 4168 placidum
935 4095 1110 4152 Parrbasiae
1132 4097 1171 4150 od
1184 4095 1280 4152 Cluati.

164 4187 192 4238 in
219 4184 315 4255 Rufio.
341 4187 407 4238 terte
434 4180 556 4236 Meua.
584 4181 695 4252 placide
722 4183 786 4236 libri
888 4185 941 4240 378
971 4183 1113 4236 ceruleum
1139 4180 1280 4236 Helberst.

164 4267 252 4339 Lupd.
281 4268 350 4340 Ray.
374 4268 463 4322 Bern.
489 4265 583 4321 Praise.
670 4274 801 4338 spumant
823 4266 893 4338 Rep.
918 4266 1011 4321 Prisc.
1099 4266 1172 4334 sale]
1203 4283 1280 4322 mars

166 4351 267 4410 Gallae
353 4357 413 4407 rate
425 4351 551 4422 pulsum]
566 4353 712 4424 repulsum
726 4351 856 4408 narone
870 4351 950 4408 Gellii
