2984 5032
593 440 848 498 PRAEFATIO*
1249 450 1288 498 x1

174 613 254 672 euim
276 605 364 692 quod
392 605 497 670 estin
518 602 612 668 Leid.
632 625 652 668 a
681 611 713 668 et
733 603 756 666 b
762 651 771 684 ‚
800 602 865 668 niei
883 603 972 690 quod
997 603 1031 666 in
1053 601 1110 667 illo
1132 609 1291 668 mutatum

176 725 210 787 in
231 732 304 789 exin
389 726 430 788 46
458 731 586 802 coquum
605 721 698 786 Leid.
721 743 743 786 o
761 719 794 784 b.
814 729 934 802 roqueta
958 720 1092 788 Leid.e
1175 739 1290 800 qereu-

129 899 133 906 .
175 846 234 905 due
258 840 353 906 Leid.
375 840 476 905 abo
561 844 613 904 47.
639 841 680 904 48
709 839 841 906 inuerso
862 841 977 908 ordine
1003 842 1082 910 iiem
1102 839 1197 905 Leid.
1219 860 1241 904 u
1258 837 1290 919 b,

175 981 242 1024 non
263 980 281 1022 e
363 963 465 1035 esurus
478 958 573 1024 Leid.
587 979 607 1024 a
692 964 768 1024 bueo
776 969 869 1039 parer
879 964 974 1039 offam
985 979 1134 1040 qermuuu
1148 957 1243 1024 Leid.
1256 956 1290 1021 b.

176 1083 252 1142 bueo
265 1081 649 1157 saturpuieretqermauu
668 1077 795 1142 Leide
837 1151 843 1164 ·
881 1081 922 1142 50
936 1099 1109 1159 quanquam
1123 1076 1250 1142 Leide

218 1199 254 1258 51
280 1202 455 1262 lacrumans
466 1196 560 1262 Leid.
575 1196 629 1262 ob
716 1199 757 1260 52
779 1217 846 1261 eum
854 1195 956 1261 ·Leid.
968 1196 990 1261 b
1004 1217 1031 1262 e.
1047 1207 1108 1264 ium
1118 1195 1213 1262 Leid.
1229 1217 1251 1258 e

217 1314 234 1378 Ι
262 1313 304 1378 sr.
335 1313 432 1378 LVII
463 1313 581 1379 addae:
619 1311 789 1382 Consentii
818 1315 883 1380 Are
917 1337 950 1401 p.
981 1317 1000 1378 5
1035 1315 1183 1380 ‘Ennius
1212 1313 1292 1378 dicit

173 1434 364 1522 plerumque
400 1431 735 1519 induperatorem
771 1455 831 1519 pro
863 1435 1083 1521 imperatore?
1123 1433 1166 1498 oi.
1202 1432 1290 1498 Aen.

176 1554 249 1618 332.
268 1554 341 1615 350.
362 1552 424 1614 552
511 1551 551 1614 80
572 1561 710 1616 curulum
730 1550 824 1616 Leid.
846 1547 915 1616 ub.
937 1555 1041 1618 curati
1061 1551 1156 1618 Leid.
1178 1574 1212 1635 03
1234 1549 1292 1616 sed

175 1669 316 1736 fortusse
348 1691 390 1734 ne
421 1668 469 1732 sio
497 1667 629 1754 quidem
661 1669 821 1734 debebam
852 1670 892 1734 de
920 1670 1054 1758 uulgato
1086 1677 1294 1750 concupientes

178 1787 328 1853 dubitare
414 1788 454 1850 82
482 1793 634 1852 iumento
660 1790 771 1852 Remus
797 1787 892 1852 Leid.
923 1811 943 1852 a
969 1788 991 1853 b
1019 1811 1038 1854 o
1131 1795 1296 1856 deuoueret

175 1926 254 1985 quue
273 1904 367 1968 Leid.
390 1925 452 1968 ae
537 1907 578 1970 83
604 1911 685 1970 solus
708 1894 764 1968 uui
788 1917 893 1972 seruat
911 1906 1006 1973 Leid.
1029 1929 1089 1973 eo
1175 1910 1215 1972 84
1234 1913 1295 1972 alu

175 2029 328 2089 uolantum
349 2021 444 2088 Leid.
466 2020 528 2087 ab
549 2044 568 2087 o
654 2025 695 2086 85
722 2043 838 2088 romam
858 2045 1047 2090 remoramur
1068 2024 1163 2090 Leid.
1186 2044 1216 2088 e.
1237 2043 1293 2088 ro-

175 2162 253 2207 mum
265 2162 415 2207 remorum
428 2162 523 2220 neque
533 2139 629 2206 Leid.
642 2163 672 2206 o.
693 2162 810 2206 romam
829 2163 893 2208 rem
912 2147 948 2230 ll
963 2147 998 2230 ll
1012 2166 1100 2210 umue
1119 2141 1250 2210 Leidb

218 2262 258 2325 87
279 2261 427 2345 corrige:
455 2281 542 2340 quom
565 2267 697 2326 mittere:
719 2260 782 2326 hoe
803 2263 890 2326 enim
911 2265 1060 2328 obmittere
1079 2262 1183 2345 uolet,
1207 2261 1295 2348 quod

176 2386 226 2442 est
253 2378 289 2442 in
313 2378 408 2443 Leid.
437 2400 473 2460 a3
503 2398 572 2442 cum
600 2380 745 2444 correxit
773 2381 809 2444 in
837 2402 902 2445 com
932 2381 1026 2447 Leid.
1057 2382 1077 2446 b
1164 2383 1205 2446 88
1231 2388 1296 2446 uult

174 2496 269 2562 Leid.
302 2497 324 2562 b
354 2519 372 2561 o
458 2501 534 2561 qudi
555 2494 650 2561 Leid.
679 2518 697 2561 e
783 2501 824 2563 89
852 2520 913 2578 quu
942 2520 1012 2564 mou
1036 2499 1131 2566 Leid.
1151 2521 1172 2562 e
1191 2498 1252 2563 be

219 2617 259 2677 90
276 2635 328 2680 ore
341 2615 565 2680 timebutLeid.
585 2613 672 2698 ubo,
695 2615 760 2680 nisi
772 2616 859 2703 quod
878 2616 1007 2682 Leido
1027 2623 1169 2684 timebunt
1252 2619 1294 2680 92

175 2740 207 2798 iu
219 2732 313 2797 Leid.
326 2756 347 2798 a
365 2756 437 2820 sup.
452 2732 510 2798 lin.
524 2756 568 2798 m.
582 2732 638 2798 ait.
721 2736 761 2798 93
777 2739 867 2812 sorus
879 2744 950 2802 sluu
960 2737 1055 2804 Leid.
1069 2760 1091 2802 a
1165 2739 1206 2800 94
1218 2743 1295 2817 pul-

174 2858 336 2918 cherruma
369 2850 465 2916 Leid.
493 2873 513 2916 a
540 2850 562 2915 b
649 2855 689 2915 05
722 2859 793 2918 leuu
822 2854 916 2920 Leid.
947 2877 968 2920 a
1052 2863 1120 2922 uuis
1151 2867 1180 2922 et
1208 2863 1298 2922 simul

174 2971 269 3037 Leid.
298 2993 318 3034 a
337 2992 370 3053 e,
400 2969 488 3036 unde
511 2979 592 3036 odue
613 2971 774 3036 conicias:
805 2980 895 3038 laeua
922 2982 1005 3040 uolut
1030 2982 1097 3040 uuis
1116 2985 1146 3038 et
1165 2980 1254 3039 simul

218 3093 260 3153 96
291 3099 431 3168 quatuor
451 3089 546 3156 Leid.
569 3111 600 3154 a.
627 3099 757 3169 quotuor
775 3090 868 3156 Leid.
891 3092 913 3157 b
935 3115 954 3158 o
1039 3097 1080 3158 07
1099 3097 1296 3174 pulchrisque

175 3208 270 3274 Leid.
293 3230 313 3272 a
333 3207 396 3272 bo
481 3209 521 3272 98
549 3229 613 3273 esse
628 3215 792 3288 proprium
814 3207 910 3276 Leid.
939 3232 1001 3276 uo
1087 3214 1128 3275 09
1150 3216 1296 3274 stabilitus

174 3348 242 3392 eam
264 3348 304 3391 ua
325 3326 463 3392 Leida.
485 3331 616 3392 stabilita
636 3346 761 3390 erumna
782 3326 877 3392 Leid.
893 3327 948 3392 be
1033 3329 1074 3394 fr.
1095 3328 1192 3394 LXV
1207 3350 1294 3396 oom-

174 3453 349 3510 miseruutes
362 3497 365 3500 .
378 3445 477 3509 etiem
498 3443 615 3510 Bemb.
641 3447 704 3508 402
734 3445 791 3532 (m.
813 3444 885 3533 ult.)
910 3445 1070 3534 Kayseri,
1106 3449 1198 3514 euius
1224 3448 1295 3514 uni·

174 3585 272 3628 uersa
300 3562 458 3628 librorum
485 3561 611 3626 familia
640 3563 785 3628 secunda
814 3563 876 3630 hoo
904 3574 1054 3650 quartum
1087 3568 1295 3655 perticipium

175 3683 284 3748 omisit
372 3684 431 3744 113
454 3681 501 3745 eie
517 3681 644 3765 corrige
659 3689 786 3745 notam:
808 3704 826 3745 o
846 3687 909 3748 Tite
923 3693 984 3749 tute
1001 3695 1060 3750 tute
1074 3691 1127 3751 uhi
1137 3684 1294 3750 Wuerzb.

175 3809 207 3866 et
220 3802 295 3866 Par.
308 3799 404 3865 Rhet.
417 3798 460 3862 ud
472 3797 553 3862 Her.
573 3806 654 3864 otite
668 3810 728 3864 tute
742 3810 802 3864 tate
816 3805 869 3864 ubi
885 3801 957 3866 eod.
972 3801 1116 3866 Charisii
1137 3810 1169 3866 et
1182 3802 1304 3878 Troes..
1413 3859 1421 3878 ,
1458 3805 1460 3812 ’

174 3919 270 3984 Rhet.
292 3917 336 3984 ad
357 3917 438 3982 Her.
466 3916 551 3982 udde
575 3917 716 3983 ibidem:
745 3940 763 3983 o
787 3922 850 3984 Tite
871 3929 931 3984 tute
953 3924 1007 3984 tibi
1025 3920 1112 3985 Fris.
1133 3919 1229 3984 Rhet.
1250 3920 1294 3986 ed

174 4037 255 4102 Her.
329 4040 388 4102 159
406 4036 440 4100 in
461 4043 555 4100 textu
567 4035 645 4101 tolle
659 4058 785 4102 comma
802 4059 887 4123 pone
904 4048 1048 4102 memoret
1086 4045 1095 4050 '
1122 4041 1178 4103 101
1195 4046 1294 4104 omniu

174 4178 234 4222 neu
252 4177 333 4222 nuuc
344 4160 420 4220 baec
432 4165 507 4220 esset
519 4153 612 4218 Leid.
626 4176 646 4217 a
658 4154 757 4219 Vind.
772 4162 873 4220 omniu
893 4176 952 4219 nou
970 4176 1051 4220 uuuo
1064 4157 1158 4246 (nune
1173 4155 1295 4222 lineola

174 4283 363 4340 transuersa
374 4274 535 4361 notatum)
554 4295 672 4338 necesse
687 4283 731 4338 est
746 4273 840 4337 Leid.
854 4272 893 4356 b3
916 4296 999 4361 quae
1016 4275 1192 4340 admodum
1208 4297 1293 4340 oom-

174 4392 329 4458 mendere
348 4391 486 4479 Ilbergii
505 4391 766 4458 emendationem
784 4391 955 4477 uidentur3
982 4392 1017 4456 in
1035 4392 1133 4458 Leid.
1157 4415 1175 4456 o
1202 4391 1293 4460 locus
