3070 5032
629 392 871 493 unnrov'mu
997 471 1003 486 ,
1248 415 1308 480 171

199 596 263 687 (sic
289 599 322 666 et
345 596 450 666 hicet
476 595 561 664 inlra
580 592 762 663 Politianus
781 591 872 662 Misc.
897 615 925 662 c.
944 601 984 663 35
1010 615 1029 662 e
1051 592 1181 662 duobus
1202 591 1310 660 hledi-

199 700 286 788 ceis3
304 699 506 770 Homerus
524 696 697 790 utrobique
710 696 830 788 uulgo)
851 687 942 766 ‘dicit
960 695 1174 766 crabronibus
1191 699 1224 764 et
1237 696 1310 764 sole

200 803 331 894 genitas
370 824 451 893 apes
486 823 570 894 quas
607 799 773 891 nymphae
806 799 1039 890 Phryxonides
1075 799 1310 883 educauerunt,

200 927 292 975 mox
310 905 483 975 Dictaeo
502 924 630 994 specu
653 903 768 972 louis
788 903 988 972 extitisse
1009 902 1194 971 nutrices
1213 923 1312 971 eas-

201 1031 279 1101 que
315 1008 469 1100 pabula
496 1027 662 1076 munere
700 1005 762 1075 dei
794 1005 974 1075 sortitas
1009 1005 1156 1097 quibus
1193 1004 1311 1096 ipsae

199 1134 374 1203 paruum
397 1111 683 1180 educauerant
706 1109 919 1178 alumnum.
962 1109 1030 1181 Ista
1053 1107 1138 1176 enim
1161 1107 1312 1201 quamuis

199 1236 267 1283 non
295 1215 474 1284 dedeceant
501 1215 650 1304 po'e'tam,
685 1211 871 1282 summatim
896 1215 1003 1280 tamen
1033 1214 1065 1280 et
1089 1232 1156 1280 uno
1186 1213 1312 1280 tantum

199 1318 299 1387 modo
313 1317 480 1386 uersiculo
493 1316 611 1385 leuiter
629 1315 736 1406 attigit
751 1314 923 1406 Vergilius
940 1336 1013 1383 cum
1028 1314 1076 1384 sic
1095 1313 1156 1382 ait:
1177 1313 1312 1384 Dictaeo

199 1421 282 1490 caeli
311 1443 426 1512 regem
448 1441 572 1510 pauere
599 1418 660 1488 sub
685 1421 790 1488 antro.
830 1418 897 1488 Sed
915 1440 957 1486 ne
978 1417 1058 1486 illud
1081 1416 1210 1508 quidem
1232 1439 1313 1508 per-

200 1524 282 1592 tinet
296 1524 345 1594 ·ad
366 1523 549 1614 agricolas,
578 1521 711 1613 quando
732 1524 764 1590 et
788 1521 821 1589 in
842 1543 908 1612 qua
926 1520 1064 1612 regione
1087 1519 1225 1609 primum
1248 1541 1314 1590 na-

200 1630 254 1694 tae
282 1626 362 1710 sint,
398 1629 507 1694 utrum
533 1625 566 1692 in
591 1624 765 1693 Thessalia
798 1624 860 1694 sub
889 1623 1045 1693 Aristaeo
1076 1645 1118 1692 au
1148 1623 1315 1694 ininsula

202 1728 286 1813 Cea,
315 1733 349 1798 ut
368 1728 479 1798 scribit
497 1726 723 1796 Euhemerus!

732 1875 781 1942 Vl

271 2021 274 2028 ·
304 1995 494 2065 Lactantius
515 1993 588 2062 Diu.
609 1993 686 2063 lnst.
710 1994 762 2064 lc.
780 2005 817 2064 14
846 1994 987 2064 ‘relicua
1008 1993 1144 2064 historia
1165 1994 1212 2063 sic
1231 2015 1316 2062 con-

203 2097 340 2167 texitur:
367 2099 479 2168 Iouem
507 2096 671 2181 adultum,
700 2120 772 2166 cum
797 2097 945 2166 audisset
965 2101 1090 2189 patrem
1121 2101 1219 2189 atque
1240 2119 1316 2165 ma-

203 2204 285 2270 trem
313 2200 471 2270 custodiis
503 2199 760 2292 circumsaeptos
790 2204 890 2292 atque
924 2201 956 2268 in
983 2201 1115 2270 uincula
1149 2200 1316 2270 coniectos

205 2303 337 2374 uenisse
365 2327 438 2374 eum
463 2325 585 2394 magna
609 2301 815 2374 Cretensium
844 2303 1065 2390 multitudine,
1099 2303 1316 2396 Titanumque

203 2429 242 2474 ac
271 2406 359 2476 filios
386 2409 457 2477 eius
485 2406 666 2497 pugnando
697 2407 835 2491 uicisse,
875 2409 1029 2495 parentes
1060 2407 1200 2476 uinculis
1232 2423 1318 2475 exe*

205 2510 322 2594 misse,
350 2510 434 2600 patri
466 2530 606 2600 regnum
633 2508 816 2578 reddidisse
845 2512 943 2601 atque
972 2509 1017 2578 ita
1044 2511 1075 2578 in
1103 2508 1230 2579 Cretam
1259 2531 1317 2579 re-

205 2633 351 2681 measse:
393 2615 471 2703 post
503 2611 584 2679 haec
622 2611 740 2681 deinde
773 2610 917 2681 Saturno
953 2612 1060 2681 datam
1098 2616 1239 2698 sortem,
1281 2603 1318 2682 ut

206 2717 338 2784 caueret
367 2735 409 2784 ne
439 2713 527 2782 filius
554 2735 629 2782 eum
658 2736 765 2806 regno
789 2713 986 2804 expelleret:
1021 2715 1112 2784 illum
1137 2715 1318 2786 eleuandae

206 2818 305 2887 sortis
331 2820 430 2910 atque
453 2817 633 2907 effugiendi
659 2817 794 2908 periculi
823 2818 931 2908 gratia
959 2818 1146 2888 insidiatum
1166 2819 1254 2903 Ioui,
1281 2821 1318 2888 ut

206 2942 290 2990 eum.
306 2923 455 2990 necaret:
490 2921 602 2989 louem
627 2921 769 3012 cognitis
798 2920 925 2990 insidiis
952 2943 1093 3014 regnum
1119 2922 1180 2992 sibi
1209 2922 1318 2991 denuo

207 3023 393 3093 uindicasse
421 3045 460 3094 ac
487 3025 628 3115 fugasse
651 3023 846 3108 Saturnum,
883 3023 937 3116 qui
962 3046 1036 3094 cum
1060 3026 1199 3095 iactatus
1228 3027 1319 3094 esset

204 3149 264 3217 per
295 3149 410 3198 omnes
440 3130 545 3196 terras
578 3126 854 3219 persequentibus
883 3128 1032 3212 armatiS,
1066 3150 1152 3219 quos
1177 3128 1319 3196 adeum

205 3230 547 3320 comprehendendum
573 3230 624 3298 uel
652 3229 834 3299 necandum
851 3230 995 3321 luppiter
1020 3231 1171 3315 miserat,
1205 3230 1264 3299 uix
1286 3230 1319 3299 in

204 3334 296 3402 ltalia
320 3335 427 3403 locum
449 3334 483 3401 in
505 3355 571 3425 quo
594 3333 711 3402 lateret
732 3331 876 3402 inuenit'
913 3331 963 3402 Cl.
981 3332 1008 3401 11

723 3482 785 3550 Vll

150 3607 188 3668 30
309 3595 433 3664 Deinde
456 3595 526 3662 Pan
564 3617 637 3664 eum
672 3598 803 3666 deducit
832 3598 864 3665 in
890 3601 1051 3680 montem,
1093 3597 1146 3688 qui
1181 3600 1321 3666 uocatur

206 3697 287 3766 caeli
311 3697 404 3766 stela.
443 3697 625 3790 Postquam
648 3721 687 3767 eo
715 3699 878 3784 ascendit,
908 3700 1148 3788 contemplatus
1177 3703 1227 3768 est
1254 3699 1319 3768 late

205 3909 273 3959 seat,
293 3897 412 3963 prohibet
425 3897 539 3948 eiusdem
552 3898 677 3950 lactantii
690 3900 808 3966 Epitome
822 3917 845 3949 c.
862 3899 894 3951 13
965 3903 1013 3950 Vll
1030 3900 1177 3949 Lactantius
1188 3901 1246 3950 Diu.
1258 3903 1319 3952 lust.

206 3971 252 4018 lc.
270 3969 299 4018 11
328 3968 370 4016 ‘in
387 3983 479 4016 sacra
494 3967 637 4020 historia
651 3971 689 4020 sic
701 3971 797 4020 Ennius
809 3970 900 4020 tradit:
921 3969 1053 4022 deindc'
1069 3987 1091 4018 o.
1107 3985 1131 4032 q.
1147 3985 1169 4019 s.

203 4092 413 4104 ——u—-—

248 4162 284 4215 30
303 4158 359 4212 Pan
385 4175 447 4212 eum
460 4157 588 4227 plerique
603 4158 673 4212 libri.
697 4177 818 4230 paneurn
837 4161 895 4213 siue
916 4173 1055 4227 panaeum
1076 4158 1125 4212 alii
1141 4159 1213 4212 libri.
1233 4177 1320 4228 pauc·

207 4243 282 4296 nium
308 4240 378 4314 Ray.
407 4242 611 4312 antiquissimus
701 4249 734 4302 31
764 4246 833 4298 stela
859 4243 1009 4299 Ciaconius.
1034 4243 1114 4298 stelia
1138 4258 1190 4298 nis.
1219 4243 1318 4299 Victor.

208 4326 287 4380 stella
301 4328 385 4382 celari
397 4327 460 4382 libri
473 4331 499 4382 et
511 4327 572 4380 cdd.
589 4341 683 4382 omncs
