2984 5032
493 445 722 501 ENNIANAE
1072 461 1162 508 LXIII

84 605 109 663 ll.
132 605 223 664 Liuius
244 604 328 666 XXII
344 607 384 664 44
406 611 452 664 iile
475 605 612 684 (Paulus)
634 612 660 666 si
685 610 752 682 qaid
770 612 904 682 proiectis
931 629 966 668 ac
984 616 1104 686 proditis
1124 620 1163 673 ael

84 719 236 770 tconsattam
254 721 336 786 atque
354 698 531 785 inprouidam
545 730 671 784 pugnam
692 714 840 784 legionibus
861 717 1010 786 aecidmet,
1031 733 1061 774 se
1076 725 1162 777 omnis

84 821 160 888 atpae
186 826 323 875 exsortem
345 819 432 870 omnis
453 824 567 874 euentus
591 820 758 888 participem
783 818 848 889 sore
875 820 986 876 diceret.
1029 819 1085 878 Vbi
1107 823 1161 882 iam

83 937 91 975 r
119 936 154 976 eo
188 928 231 977 est
267 926 297 975 ul
321 934 421 976 manus
458 926 632 993 conserant,
667 917 809 978 Hannibal
840 920 1009 980 cohortatur
1039 925 1160 984 milites:

84 1023 186 1080 raemia
219 1022 390 1099 promittens
423 1021 550 1098 Poenis,
588 1024 718 1082 externis
752 1023 897 1082 ciuitatem
932 1024 1000 1104 (X).
1046 1028 1163 1106 Sequor

84 1128 135 1183 nim
164 1127 191 1184 in
213 1143 248 1186 ea
269 1143 302 1184 re
319 1126 440 1185 eundem
452 1126 552 1185 Silium
568 1126 609 1186 IX
622 1125 698 1186 209:
721 1135 769 1202 qni
781 1148 848 1188 noro
864 1138 1085 1192 catemariam
1098 1140 1164 1196 milti

84 1237 189 1306 anquina
209 1235 321 1306 Byrsae
348 1235 433 1305 Signo
462 1252 566 1306 moues,
594 1239 722 1293 dextram
752 1236 873 1290 Ausonia
902 1240 928 1292 si
950 1243 1035 1296 caede
1061 1259 1161 1299 crtten··
1229 1300 1234 1310 ,

84 1359 115 1395 tm
134 1342 255 1410 attolles,
287 1340 352 1394 trine
378 1341 433 1394 iam
461 1342 528 1394 einis
552 1341 726 1414 Carthaginis
751 1347 822 1408 esto,
852 1355 915 1396 oum
936 1339 1032 1400 Liuius
1060 1343 1162 1402 similia

84 1442 201 1499 romissa
222 1438 376 1518 perlubeat
390 1439 578 1500 Hannibalern
601 1460 664 1500 cnm
687 1442 723 1501 ad
745 1442 874 1502 Ticinum
897 1461 1022 1522 pugnam
1047 1456 1162 1524 pararet

84 1547 186 1606 didisse
199 1544 283 1624 (XXI
299 1545 372 1623 45);
396 1550 540 1604 Hannibal
561 1590 568 1604 .
585 1591 615 1605 ..
634 1554 739 1606 uocatis
756 1552 796 1606 att
809 1555 959 1608 coertionem
979 1559 1056 1607 certa
1073 1569 1161 1623 prae—

84 1660 114 1710 in
129 1659 291 1726 pronuntiat
384 1657 431 1725 qai
454 1655 591 1710 sotiorum
611 1657 685 1710 ciues
707 1657 948 1730 Carthaginienses
969 1658 1035 1726 fieri
1055 1660 1162 1726 aettent,

84 1766 213 1815 otestatem
232 1759 384 1830 facturam.
411 1775 414 1786 ‘¹

142 1858 315 1936 Depingitur
345 1861 437 1937 ipsius
459 1859 624 1920 certaminis
649 1857 734 1918 labor
762 1859 830 1938 (XI.
849 1859 913 1920 XII.
935 1857 1030 1937 Xlll).
1075 1857 1162 1918 Nolui

84 1984 132 2026 aec
160 1965 321 2040 fragmenta
352 1964 478 2038 diiungi:
509 1979 680 2043 quamquam
702 1967 764 2024 eino
793 1967 870 2026 modi
896 1983 999 2026 uersus
1028 1967 1057 2024 in
1085 1965 1163 2024 nulla

84 2090 155 2148 ngna
178 2069 273 2128 locum
295 2065 406 2126 habere
430 2084 488 2126 non
512 2079 649 2144 possunt:
679 2079 709 2128 ut
732 2089 804 2129 unus
828 2072 877 2130 nel
902 2071 976 2130 alter
1001 2086 1101 2130 eorum
1127 2069 1163 2128 atl

84 2175 168 2234 iliona
191 2191 266 2251 qnae
288 2172 345 2230 boc
368 2171 442 2230 libro
465 2174 653 2234 narrabantur
674 2175 788 2254 proelia
809 2177 968 2254 pertineat:
998 2176 1067 2255 quiu
1087 2175 1162 2236 adeo

84 2281 165 2339 Illum
189 2278 317 2336 fortasse
339 2277 405 2336 huic
430 2278 506 2340 cladi
528 2290 610 2340 recte
631 2283 788 2358 ascriptum
810 2281 856 2339 eit.
902 2280 962 2340 Sed
989 2281 1056 2340 uitle
1086 2281 1162 2338 eius·

84 2404 122 2443 em
143 2385 234 2444 cladis
257 2379 334 2457 apud
347 2381 447 2440 Silium
458 2383 500 2443 lX
514 2385 572 2444 311
596 2403 661 2464 sqq.
690 2385 926 2462 descriptionem.

95 2553 99 2559 ,
142 2487 174 2548 ln
195 2485 290 2544 medio
314 2501 429 2561 pugnae
452 2488 569 2565 ardore,
597 2509 661 2550 curn
681 2491 736 2548 iam
759 2490 881 2548 uictoria
900 2488 935 2547 ad
958 2489 1074 2548 Poenos
1097 2506 1162 2548 uer·

85 2601 158 2667 eret,
179 2597 269 2669 poeta
297 2589 418 2648 deorum
440 2607 610 2653 consessum
638 2592 789 2670 expandit:
823 2591 893 2650 luno
921 2595 1024 2653 satiata
1050 2594 1164 2654 tandem

85 2697 221 2756 tlamitate
246 2697 403 2754 inuisorum
427 2697 483 2774 ipsi
501 2695 694 2756 Romanorum
716 2718 750 2758 se
772 2699 924 2758 fautricem
948 2699 1041 2756 eisin
1064 2707 1162 2776 poste-

85 2820 118 2860 tm
142 2803 207 2860 iore
230 2801 398 2880 profitetur:
426 2817 461 2858 ac
489 2799 635 2878 luppiter,
672 2813 810 2863 exoratus
838 2804 966 2862 fortasse
996 2801 1162 2876 aVenere,

86 2908 198 2967 omittit
211 2907 347 2966 Romanis
363 2905 508 2964 excidium
523 2905 705 2984 Carthaginis
719 2908 811 2986 (xlv.
829 2907 909 2987 XV).
935 2905 980 2968 ct.
997 2923 1026 2984 p.
1038 2904 1163 2965 XXXIII

107 3012 209 3072 Silium
230 3012 272 3071 lX
294 3011 356 3071 535
378 3027 443 3088 sqq.

140 3116 292 3176 Victorlae
321 3118 446 3175 nuntium
479 3117 565 3193 Hago
598 3114 802 3192 Cartbaginem
831 3117 941 3192 adfert,
977 3134 1034 3195 qno
1065 3117 1161 3176 laetis·

86 3239 126 3279 ma
153 3239 289 3300 quaeque
322 3224 452 3282 incuria
476 3222 513 3280 de
537 3220 702 3280 Hannibalis
727 3222 858 3280 uictoriis
885 3222 1086 3300 pronuntiante
1107 3221 1161 3299 (cl.

87 3327 151 3385 nius
186 3325 284 3386 XXlll
312 3327 366 3407 12)
399 3329 499 3388 Hanno
529 3327 700 3384 sententiam
728 3335 847 3402 rogatus
886 3344 943 3385 non
976 3329 1090 3388 desisse
1123 3328 1163 3386 ait

87 3433 211 3490 renitere
229 3451 263 3490 se
285 3432 373 3508 belli,
396 3433 474 3511 quod
497 3431 613 3512 quidem
634 3440 691 3490 tam
709 3432 850 3509 integrum
871 3432 998 3492 habeant
1019 3451 1104 3511 quarn
1125 3448 1162 3490 eo

87 3555 101 3592 e
126 3552 185 3611 qno
204 3535 345 3598 Hannibal
365 3539 393 3596 ln
409 3538 520 3598 ltaliam
536 3545 736 3612 transgressus
752 3539 789 3596 sit
812 3537 925 3615 (binius
947 3538 966 3595 l.
982 3538 1001 3595 l.
1024 3536 1072 3595 12.
1095 3536 1160 3614 13).

88 3638 168 3696 todsi
191 3639 301 3699 EnnIus
324 3658 441 3718 quoque
463 3642 589 3720 aliquem
611 3640 778 3700 Hannonem
806 3643 834 3699 in
856 3658 926 3700 snos
949 3641 1067 3700 annales
1090 3642 1161 3699 intu-

88 3751 139 3818 rat,
153 3744 183 3801 in
195 3746 259 3804 eius
268 3751 394 3804 mentem
405 3746 538 3806 uidentur
549 3745 755 3823 percommode
768 3746 910 3823 quadrare
922 3744 1011 3804 baec:
1025 3751 1072 3818 qni
1079 3750 1163 3802 aineit
1266 3773 1274 3788 ·

88 3870 107 3906 n
131 3860 174 3906 est
196 3857 285 3910 utitor
302 3858 356 3910 nt'si
375 3857 462 3910 nictus
482 3855 589 3926 fatetur
607 3851 680 3927 (ino.
701 3847 763 3907 setl.
781 3847 890 3928 XXXV
908 3849 961 3908 sed
981 3849 1019 3908 cl.
1037 3866 1065 3926 p.
1081 3845 1160 3924 Llll)

94 3958 161 4012 dam
175 3959 285 4028 quidem
295 3975 367 4014 anas
379 3961 458 4014 bomo
469 3959 679 4030 Romanastoga
691 3960 844 4030 superescit
856 3955 928 4031 (inc.
944 3952 997 4011 sed
1011 3949 1160 4029 XXXVI).

141 4056 227 4130 Quae
252 4059 364 4118 cladem
375 4057 554 4118 Cannensem
568 4059 700 4136 proxime
721 4067 823 4117 secuta
839 4066 915 4132 eunt,
936 4055 1089 4114 eaEnnIus
1106 4071 1163 4112 non

89 4163 181 4220 orsim
205 4162 319 4222 abiqu
343 4164 458 4224 uidetur
479 4181 624 4224 narrasse.
657 4160 740 4221 XXll
756 4162 815 4219 50:
849 4165 917 4218 titan
934 4167 961 4218 in
981 4166 1082 4219 castris
1101 4179 1162 4218 eam

89 4273 196 4326 rttituctc
222 4274 374 4326 semiermis
400 4275 459 4327 sine
484 4273 596 4327 domins
623 4278 708 4339 esset,
735 4272 858 4325 nantium
885 4271 933 4340 qui
957 4271 986 4322 in
1015 4268 1162 4324 rnaiort'bas
