3112 5040
677 415 910 474 ANNALIVM

661 635 819 764 uranu
850 681 927 764 uu

392 952 395 964 ,
787 891 801 960 1

250 1010 312 1072 370
340 1056 348 1072 .
402 1055 410 1080 ,
463 1004 549 1073 satin
568 1010 664 1076 uates
683 1011 800 1078 nerant
818 1010 926 1078 aetate
946 1008 978 1078 in
1001 1008 1156 1100 agenda?

713 1132 716 1140 ’
804 1139 819 1178 ¹l¹

339 1241 438 1336 Isque
454 1241 671 1335 Hellesponto
689 1143 824 1336 ponlbrn
841 1244 1008 1316 contendit
1026 1244 1059 1314 in
1079 1245 1156 1316 alto.

338 1477 412 1564 Quo
435 1503 490 1552 res
510 1503 612 1573 sapsa
632 1483 706 1553 loeo
725 1381 1030 1577 seslblostentatque
1047 1483 1203 1577 iubetque

336 1717 479 1789 Annibal
500 1719 615 1791 audaci
634 1743 709 1792 curn
729 1620 864 1815 peblbre
882 1723 924 1792 de
942 1744 994 1793 me
1013 1722 1163 1794 hortatur

336 1821 383 1890 Ne
401 1821 521 1891 bellurn
542 1823 677 1894 laeiam:
703 1850 800 1920 quern
822 1825 959 1896 eredidit
981 1848 1058 1895 esse
1078 1845 1187 1895 rneurn
1211 1846 1269 1894 eor

245 1930 307 1993 375
335 1923 516 1995 Suasorem
538 1949 702 1998 summum
723 1934 755 2000 et
776 1931 963 2000 studiosum
981 1930 1101 1999 robore
1123 1927 1208 1997 belli.

334 2161 503 2236 Matronae
522 2187 655 2239 moeros
673 2068 839 2262 eomplbnt
857 2171 1009 2261 spectare
1026 2169 1188 2238 lauentes.

263 2383 427 2434 L1ssrtXIIl
462 2387 589 2440 IGellius
607 2389 690 2440 XVIII
711 2391 727 2440 2
752 2392 910 2454 ‘quaesitum
934 2389 984 2442 hoo
1008 2397 1060 2450 est,
1083 2389 1189 2440 uerbum
1213 2397 1342 2449 nerant,

230 2454 298 2518 quod
319 2454 446 2521 signifieat
468 2473 531 2508 uera
554 2460 654 2520 dieunt,
683 2461 802 2523 quisnam
825 2470 941 2512 ueterum
966 2461 1099 2526 poetarum
1124 2459 1237 2509 diruerit?
1256 2485 1292 2497 -
1308 2485 1343 2496 -

229 2523 309 2576 Nemo
324 2525 391 2575 enirn
403 2533 456 2574 tum
470 2532 690 2591 commeminerat,
715 2531 812 2580 dietum
825 2547 882 2582 esse
895 2547 911 2580 a
924 2531 952 2589 Q.
968 2531 1050 2580 Ennio
1063 2529 1090 2578 id
1103 2530 1210 2580 uerbum
1228 2531 1255 2579 in
1269 2531 1342 2579 tertio

229 2594 329 2644 deoimo
350 2595 480 2645 annalium
499 2598 526 2646 iu
545 2598 594 2648 isto
614 2615 705 2650 uersu:
731 2602 810 2650 setin'
830 2618 853 2651 e.
874 2617 899 2663 q.
920 2617 941 2650 s.
1012 2601 1034 2648 II
1055 2600 1137 2648 Varro
1157 2600 1191 2649 de'
1206 2600 1236 2648 L.
1252 2599 1281 2648 L.
1296 2600 1343 2648 Vll

229 2664 261 2714 21
270 2663 303 2712 Μ.
322 2665 413 2727 ‘quasi
426 2665 621 2732 Hellespontum
636 2677 661 2719 et
673 2670 797 2720 claustra:
811 2671 931 2730 claustra,
946 2670 1014 2733 quod
1027 2667 1128 2718 Xerxes
1143 2670 1270 2732 quondam
1284 2683 1342 2718 eum

229 2734 312 2810 loepnr
325 2733 430 2792 elausit3
450 2749 510 2806 narn
527 2745 554 2786 ut
566 2738 664 2788 Ennius
678 2739 725 2788 ait:
743 2741 830 2802 isque’
846 2756 869 2789 e.
886 2756 910 2802 q.
926 2756 947 2789 s.
977 2740 1003 2787 ln
1023 2738 1091 2788 hune
1109 2737 1202 2788 librum
1217 2738 1342 2804 relegauit

228 2801 326 2852 Merula
395 2803 428 2852 111
447 2804 538 2855 Festus
557 2823 583 2872 p.
604 2805 704 2858 325111.
731 2813 796 2858 ‘sas
817 2811 924 2860 Verrius
945 2815 1017 2874 putat
1040 2807 1186 2873 significare
1211 2823 1255 2858 eas
1277 2815 1342 2858 teste

227 2873 319 2930 Ennio,
334 2872 378 2932 qui
391 2873 459 2922 dieat
471 2874 498 2924 in
510 2874 527 2923 1.
539 2876 562 2924 l:
581 2875 665 2942 [LX],
686 2893 743 2927 oum
757 2894 817 2928 suas
831 2879 915 2945 magis
927 2879 1046 2928 uideatur
1058 2877 1214 2943 significare.
1232 2878 1277 2927 sed
1292 2878 1341 2926 uti-

227 2957 276 3004 que
290 2940 405 2991 eiusdem
418 2942 435 2991 l.
447 2941 490 2992 Ull
502 2943 634 2996 latendum
648 2955 686 2996 est
696 2962 752 2997 eam
764 2948 905 3015 significari
915 2963 973 2997 eurn
985 2948 1033 2996 ait:
1049 2946 1106 3014 [Vll
1116 2946 1148 2996 lr.
1160 2945 1192 3012 Il]
1209 2948 1269 2997 item
1283 2962 1341 2996 aum

226 3012 262 3060 ait
276 3025 403 3075 sapsam
417 3027 464 3076 pro
476 3013 535 3078 ipsa
549 3030 596 3066 nee
607 3016 673 3077 elia,
699 3018 768 3078 quod
775 3019 851 3082 ponit
865 3019 892 3067 iu
905 3018 922 3066 l.
937 3017 994 3066 XlIl
1010 3017 1059 3066 ...’
1088 3016 1182 3066 Paulus
1200 3032 1226 3082 p.
1242 3016 1294 3068 324
1305 3015 1339 3064 M.

226 3081 419 3146 ‘sepsaipsa
437 3081 799 3151 IdemEnniuszquo’e.q.s.
871 3088 907 3136 IV
923 3086 1339 3151 Gelliusvlla‘scripsuautem
1367 3145 1370 3150 Ι

226 3149 381 3211 Caesellius,
407 3150 436 3209 Q.
456 3152 566 3204 Ennium
586 3156 611 3204 in
631 3154 689 3205 XIII
703 3156 768 3205 libro
791 3156 935 3206 annalium'
952 3156 1013 3221 (XII
1033 3156 1172 3206 deteriores
1191 3155 1260 3204 libri.
1281 3155 1339 3204 XIII

224 3235 289 3270 corr.
307 3227 335 3268 ut
354 3220 408 3269 uid.
429 3237 462 3271 ex
479 3221 526 3272 XII
539 3222 614 3287 Vats)
632 3228 690 3276 ‘eor
710 3227 809 3277 dixisse
827 3226 971 3276 masculino
987 3221 1090 3292 genere.
1117 3225 1204 3275 Verba
1220 3224 1338 3275 Caesellii

224 3290 338 3340 subiecta
351 3298 423 3339 suut:
441 3293 582 3344 masculino
596 3310 689 3361 genere
704 3310 762 3358 ear,
782 3304 809 3344 ut
820 3296 900 3346 multa
914 3295 980 3356 alia,
999 3295 1140 3346 enuntieuit
1151 3296 1261 3344 Ennius:
1280 3308 1339 3342 nam

224 3361 250 3409 iu
261 3359 320 3408 XIII
332 3360 418 3409 annali
428 3376 503 3423 quem
514 3377 558 3412 ear
571 3365 647 3414 dixit.
668 3367 684 3416 5
697 3366 825 3431 Ascripsit
836 3365 929 3416 deinde
942 3379 1033 3415 uersus
1043 3365 1119 3414 Ennii
1134 3365 1197 3415 duo:
1214 3362 1285 3430 [373.
1293 3360 1337 3429 74]

224 3428 366 3478 Antiochus
379 3437 417 3477 est
430 3430 474 3492 qul
489 3430 538 3480 hoe
551 3433 613 3482 dioit
626 3434 704 3484 Asiae
716 3436 775 3484 rex'
792 3451 814 3484 e.
830 3450 855 3498 q.
870 3450 892 3483 s.
922 3435 987 3484 ‘hoe
1002 3433 1144 3485 Caesellius
1160 3433 1278 3496 quidem,
1293 3432 1339 3482 sed

223 3497 295 3548 aliud
315 3497 391 3563 longe
410 3497 516 3549 Ennius.
544 3501 639 3552 9Narn
659 3510 710 3552 tres
729 3520 820 3554 uersus
839 3512 910 3564 sunt,
930 3519 980 3554 non
999 3504 1049 3553 dno
1065 3504 1098 3553 ad
1112 3502 1178 3552 hauc
1192 3503 1267 3552 Ennii
1280 3516 1338 3551 sen-

221 3568 326 3618 tentiam
349 3567 519 3633 pertinentes,
550 3587 582 3620 ex
604 3572 695 3634 quibus
716 3575 818 3624 tertium
842 3589 946 3624 uersum
971 3573 1112 3624 Caesellius
1138 3587 1187 3622 non
1209 3572 1336 3636 respexit:
1410 3599 1413 3604 -

222 3637 294 3704 [373.
309 3637 351 3686 74.
368 3634 433 3702 75].’
449 3637 547 3690 Nouius
558 3657 584 3706 p.
599 3640 656 3701 195,
669 3641 701 3693 19
714 3645 782 3693 ‘eor
793 3644 895 3710 generis
910 3651 948 3692 est
961 3645 1052 3702 neutri,
1066 3650 1095 3692 ut
1105 3642 1211 3692 dubium
1225 3655 1275 3690 non
1288 3649 1336 3690 est.

220 3707 356 3758 Masoulini
366 3707 463 3758 Eunias
476 3709 521 3759 lib.
529 3709 600 3760 XIII:
617 3709 689 3777 [373.
705 3711 770 3778 74].’
840 3714 865 3762 V
878 3712 984 3763 Seruius
996 3712 1122 3779 inCeorg.
1140 3714 1150 3761 1
1165 3711 1196 3762 18
1210 3709 1337 3760 ‘leuare

259 3839 314 3940 370
333 3898 434 3940 uersus
452 3889 481 3939 at
497 3885 607 3942 inuates
624 3885 695 3958 Rep.
710 3905 796 3944 uersu
813 3893 966 3944 sannuates
981 3886 1069 3960 Lapd.
1086 3902 1182 3942 uersu.
1197 3891 1242 3942 set
1256 3886 1337 3940 inua-

219 3973 261 4022 tes
283 3966 362 4023 Voss.
380 3967 421 4040 cf.
436 3984 525 4041 supro
630 3974 684 4029 372
702 3972 958 4038 ostentatPaular,
982 3974 1034 4028 rel.
1050 3987 1104 4026 om.
1211 3971 1265 4029 373
1279 3970 1336 4025 An-

219 4051 294 4107 nibal
307 4051 384 4108 Let'd.
398 4053 490 4110 Nonii.
502 4054 640 4112 Hannibal
651 4059 737 4112 ceteri
746 4057 836 4124 Nonii,
850 4057 951 4113 Gellr'rrs
1026 4054 1139 4112 laudaui
1151 4056 1257 4112 Nomia

218 4142 294 4225 bunt]
309 4156 454 4214 dumblan·
469 4159 548 4216 Gellii
563 4166 579 4226 ς
597 4165 623 4219 9.
646 4177 693 4217 um
717 4161 832 4217 Nuntius.
852 4163 925 4217 inter
943 4162 1044 4218 audaci
1059 4167 1085 4217 et
1098 4161 1179 4218 dum:
1206 4158 1258 4237 d-uf
1267 4135 1337 4240 [ἵν-εξ

218 4239 346 4296 Rattead.
359 4241 438 4298 Gellii
446 4248 491 4309 §9
561 4247 675 4316 peeiore
688 4247 816 4302 Rottead.
830 4245 909 4302 Gellii
917 4251 933 4310 S
945 4253 962 4304 5
976 4256 981 4264 ‘
1027 4246 1198 4315 dehortatur,
1210 4265 1262 4304 om.
1278 4267 1334 4317 nie,

217 4325 280 4384 utri
290 4325 368 4385 Gellii
381 4332 397 4393 s
408 4334 435 4386 5.
449 4316 520 4384 “de“
534 4346 579 4385 me
591 4330 717 4390 hortatur
737 4331 799 4387 Vat.
812 4334 855 4397 §9
870 4319 901 4400 ('‘
911 4319 929 4341 ''
942 4347 980 4386 m.
991 4335 1065 4399 ree.)
1150 4333 1203 4392 376
1219 4351 1334 4392 moeros

1547 2429 1551 2458 t
