3112 5040
597 459 824 517 ΕΝΝΙΑΝΑΕ
1124 471 1265 520 Lxxxill

154 641 209 695 qua
225 625 337 694 primus
360 624 492 694 irteiprtcm
516 625 623 682 laudem
646 629 762 698 adeptus
787 629 908 684 Lucilius
924 661 968 672 -
983 661 1026 672 -
1047 631 1163 687 eruditio
1182 634 1211 686 in
1232 647 1263 688 eo

153 731 225 782 mira
257 735 283 784 et
310 728 421 784 libertae
446 735 528 800 omae
552 731 616 786 inde
642 733 780 788 acerbitas
805 741 831 789 et
859 736 1067 792 abundaretis.
1116 735 1203 793 Multo
1223 745 1265 794 eat

153 837 251 889 tuumn-
278 851 313 889 ac
340 849 433 906 punis
461 838 548 907 mapit
575 836 709 894 Horatiae
734 846 760 894 et
789 841 829 894 ad
849 842 984 896 notandae
1006 841 1145 898 bominum
1172 857 1264 899 omres

146 941 330 1011 praecipuae.
390 939 506 996 Multum
534 948 562 996 et
587 959 675 998 uerae
708 947 814 1017 ploriae
837 948 963 1016 mammis
986 961 1041 1001 uno
1061 947 1131 1004 libro
1147 948 1264 1004 Perseo

152 1047 252 1099 meruit
274 1077 317 1086 --
341 1048 458 1102 atterum
486 1048 555 1102 iliud
578 1051 659 1104 etiam
686 1052 771 1121 prius
791 1056 1027 1121 commeamus,
1055 1052 1182 1108 sednon
1202 1055 1262 1108 colu

151 1152 305 1205 carminum
334 1154 468 1206 uarietate
487 1155 603 1208 mictum
627 1156 747 1210 condidit
770 1155 915 1210 Terentius
942 1155 1034 1210 Varro
1055 1158 1101 1212 uir
1121 1157 1261 1214 Romanu-

151 1271 213 1309 rum
231 1257 437 1313 eraditieeimus
492 1251 526 1310 Ni
563 1256 662 1313 mirum
696 1255 790 1315 altero
819 1254 871 1314 illo
904 1256 990 1316 etiam
1022 1257 1120 1332 priore
1146 1267 1262 1318 saturne

150 1373 261 1432 genere
283 1357 439 1417 Ennianum
462 1358 640 1420 hauddubie
660 1369 785 1421 saturam
806 1359 965 1437 siguificat:
990 1362 1035 1420 oui
1059 1379 1123 1420 cum
1145 1371 1260 1421 oetero-

151 1463 219 1540 quin
233 1463 387 1540 persimilis
400 1473 481 1523 esset
495 1464 686 1540 Verconium,
701 1483 737 1524 eo
751 1467 875 1525 distabat
890 1465 968 1542 quod
986 1473 1016 1524 et
1034 1465 1157 1526 solutam
1175 1465 1260 1526 simul

151 1579 180 1628 et
205 1571 292 1629 uariis
312 1569 484 1630 carminibus
501 1570 624 1630 uinctam
640 1571 800 1629 orationem
813 1569 1064 1648 repraesentabat.
1109 1569 1168 1630 Sed
1188 1569 1258 1630 doc·

150 1679 208 1735 tior
234 1676 308 1735 baec
332 1675 513 1734 Varroniano
534 1691 569 1733 ac
595 1675 799 1754 multipliciore
827 1675 948 1734 lorsitan
975 1683 1145 1752 argumento
1175 1692 1260 1751 quem

150 1783 278 1842 Enniana
308 1782 409 1841 luerit:
442 1778 604 1857 aequalium
636 1790 731 1840 autem
760 1781 938 1840 cauillationi
964 1781 1129 1859 acriorique
1149 1796 1260 1840 morunt

151 1906 292 1948 censurae
325 1895 454 1946 neutram
486 1887 624 1963 insignius
659 1886 784 1946 deditam
814 1887 1010 1946 existimarim.
1069 1885 1102 1946 In
1136 1903 1193 1964 qua
1225 1903 1258 1944 re

151 1997 341 2073 principatum
364 1992 475 2053 obtinet
495 1992 638 2065 Lucilius,
662 1991 739 2051 uude
759 1997 867 2068 poetae
889 1992 937 2068 qui
960 2000 1065 2069 postea
1087 1993 1115 2050 in
1133 1991 1190 2050 boc
1204 2010 1256 2067 ge·
1304 2023 1306 2026 ·

149 2119 220 2159 nere
245 2101 396 2174 claruere,
428 2099 559 2157 colorem
584 2096 725 2175 quendam
754 2113 789 2154 ac
816 2113 943 2155 normam
969 2098 1109 2158 materiae
1134 2113 1258 2173 recepe·

149 2213 223 2264 runt.
269 2203 379 2278 Quibus
403 2222 466 2262 cum
488 2203 539 2262 ille
561 2203 601 2261 uti
624 2200 682 2259 dixi
705 2201 790 2258 etiam
812 2201 1046 2260 hexametrorum
1069 2218 1151 2260 usum
1174 2217 1257 2278 prae·

149 2311 266 2384 iuisset‚
291 2309 358 2367 inde
385 2327 442 2367 uon
471 2309 571 2367 iniuria
596 2305 731 2364 Horatius
754 2305 832 2381 (Sat.
856 2305 868 2364 Ι
896 2307 950 2380 to,
972 2305 1028 2385 48)
1058 2308 1120 2366 eius
1143 2315 1258 2367 saturae

149 2431 234 2491 quam
257 2415 369 2490 etipse
392 2413 481 2473 coluit
502 2421 531 2471 et
552 2411 669 2471 Persius
692 2427 727 2469 ac
749 2409 893 2471 quenalis
917 2413 1097 2471 inuentorem
1117 2391 1257 2471 Lucillum

148 2518 322 2596 adpellauit‚
344 2519 425 2576 cuius
447 2527 543 2578 tamen
562 2517 675 2594 poesim
696 2514 833 2574 falluntur
855 2517 880 2574 si
902 2518 949 2593 qui
972 2533 1083 2593 genere
1103 2533 1137 2574 ac
1157 2516 1279 2575 natura'

148 2623 185 2683 ab
208 2622 291 2681 Ennii
313 2631 410 2682 satura
433 2622 541 2681 distare
562 2618 750 2680 arbitrentur:
770 2621 854 2680 immo
876 2637 977 2682 omues
1001 2623 1049 2699 qui
1072 2621 1100 2678 iu
1127 2619 1171 2679 bis
1195 2637 1256 2680 aar·

147 2727 269 2786 minibus
285 2725 471 2787 elaborarunt
492 2733 599 2805 potitae
622 2723 742 2785 Romani
763 2726 800 2786 ab
821 2726 914 2786 Ennio
943 2727 978 2786 ad
999 2726 1165 2786 luuennlem
1184 2734 1257 2804 poi·

147 2831 201 2888 sim
223 2847 274 2889 sua
295 2839 394 2892 natura
424 2851 507 2893 unam
532 2832 650 2906 iugenio
678 2839 773 2889 autem
796 2839 946 2910 poetarum
970 2833 1107 2892 uariatum
1128 2849 1200 2908 prae
1223 2849 1257 2892 se

147 2937 252 2994 ierunt.
299 2936 362 3010 Qua
386 2957 417 2996 re
437 2937 573 2996 Horatius
601 2935 678 3012 (Sat.
704 2935 716 2994 Ι
745 2936 800 3011 to,
829 2938 886 3016 66)
917 2957 981 2998 cum
1007 2936 1128 2998 Graecis
1157 2935 1255 2994 intacti

148 3045 281 3102 carminis
309 3053 458 3104 auctorem
486 3043 584 3104 laudet
616 3040 736 3100 Ennium
768 3041 1001 3118 (Enniumenim
1023 3042 1063 3101 ibi
1083 3058 1154 3115 uec,
1178 3040 1257 3118 quod

148 3157 214 3225 post
241 3149 315 3208 alios
338 3145 372 3207 G.
398 3146 430 3206 F.
453 3147 631 3207 Hermannus
655 3163 755 3224 progr.
783 3147 864 3206 acad.
888 3146 980 3205 Marb.
1008 3146 1084 3206 1841
1109 3145 1255 3220 narrabat,

146 3253 286 3340 Lucilium
307 3255 364 3314 dici
393 3255 513 3331 propius
542 3253 631 3312 uerba
659 3260 765 3331 potitae
789 3253 906 3311 intuitus
938 3253 1096 3330 concedet)
1129 3269 1186 3310 nec
1208 3269 1255 3311 se·

147 3377 212 3416 cum
239 3361 303 3436 ipse
334 3367 456 3436 pugnat,
486 3361 534 3437 qui
563 3359 693 3418 eiusdem
716 3367 833 3418 saturae
851 3359 1031 3417 inuentorem
1053 3357 1191 3419 bacilium
1214 3358 1254 3417 di·

146 3463 238 3535 xant,
265 3479 319 3520 nec
341 3483 357 3522 a
379 3466 422 3522 rei
443 3467 565 3524 ueritate
584 3464 731 3524 abhorret.

233 3565 294 3624 Nisi
315 3568 379 3644 quis
402 3567 467 3626 ideo
483 3568 648 3643 translatam
664 3585 681 3628 a
696 3566 816 3627 Graecis
836 3575 962 3626 saturam
978 3567 1159 3645 existimarit,
1177 3570 1255 3648 quod

131 3680 195 3730 ¹aut
215 3669 341 3729 Lucilius
370 3672 527 3730 seueritate
551 3673 743 3732 cauillationis
770 3675 913 3749 antiquam
933 3671 1110 3732 Graecorum
1137 3691 1255 3733 comoe-
1287 3695 1302 3760 3

146 3777 221 3836 diam
244 3774 419 3834 aemulatur:
444 3783 491 3833 aut
506 3774 614 3834 Ennius
637 3775 845 3835 eGraecorum
867 3776 973 3834 tabulis
994 3777 1019 3834 si
1042 3778 1109 3855 quid
1128 3795 1254 3838 eommo-

146 3881 212 3940 dum
240 3881 388 3940 uideretur
418 3880 543 3938 suumin
564 3899 645 3940 usum
668 3883 825 3940 conuertit:
852 3881 933 3940 uelut
955 3881 1068 3960 Aesopi
1089 3882 1125 3941 de
1149 3885 1255 3944 cassita

146 3985 272 4045 tabulam
287 3984 393 4044 Latinis
409 3984 546 4043 uersibus
564 3987 710 4063 expressit
732 3983 805 4060 (ino.
828 3985 974 4064 sat.·lV):
998 3994 1085 4063 atque
1104 4005 1167 4046 eam
1190 4003 1254 4046 uer··

146 4091 333 4151 ratiunculam
364 4091 401 4149 de
428 4108 483 4167 qua
511 4092 558 4151 hic
586 4109 689 4150 uersus
711 4091 822 4150 residet
848 4097 943 4151 eubulo
970 4097 1109 4168 quondam
1130 4099 1256 4153 aarum

139 4207 261 4270 propter
287 4197 414 4253 adstabat
432 4200 536 4271 plupas
564 4195 636 4272 (inc.
665 4205 718 4255 sat.
739 4196 795 4275 Vt)
818 4197 854 4256 ab
870 4195 1020 4254 Herodoto
1039 4196 1255 4275 deprompsltl

149 4298 221 4357 141:
242 4291 341 4372 Ἴωνες
370 4295 402 4360 δὲ
430 4298 481 4359 nod
502 4298 637 4377 Αἰολέες,
665 4293 704 4374 ὡς
723 4301 754 4362 οἱ
771 4299 870 4364 Λυδοὶ
891 4291 1012 4378 τάχιστα
1034 4293 1255 4383 nmeunpoitparo

1009 4395 1045 4456 f*
