3070 5032
291 405 354 469 166
613 407 1084 466 HEDVPHAGETICORVM

655 608 1033 681 HBDVPHAGETICA

394 792 554 865 Omnibus
575 796 617 865 ad
635 794 793 889 Clupeam
815 797 961 888 praestat
980 794 1121 864 mustela
1143 796 1283 864 marina.

393 897 503 966 Mures
527 902 604 967 sunt
622 899 723 984 Aeni,
752 899 863 990 spissa
882 902 993 967 ostrea
1015 897 1154 988 plurima
1177 897 1306 988 Abydi.

393 999 454 1070 Est
490 1005 606 1091 pecten
635 1002 811 1094 Mitylenae
843 1004 875 1070 et
904 1001 992 1092 apud
1021 999 1221 1071 Charadram
1257 1001 1426 1068 Ambra-

955 1125 1113 1195 aramque.

393 1202 571 1273 Brundusii
589 1207 742 1296 sargust:
769 1205 856 1276 hunc
877 1227 1020 1297 magnus
1046 1207 1076 1274 si
1100 1205 1161 1274 erit
1177 1203 1234 1273 tibi
1255 1225 1373 1273 sume.

351 1317 370 1379 5
397 1306 590 1396 Apriculum
611 1309 736 1398 piscem
756 1310 838 1378 scito
861 1309 999 1399 primum
1021 1330 1097 1378 esse
1115 1306 1258 1376 Tarenti.

395 1407 544 1479 Surrenti
565 1411 637 1480 lace
657 1433 746 1480 emas
766 1410 936 1504 helopem,
965 1411 1120 1503 glaucum
1142 1432 1223 1500 cape
1245 1407 1384 1478 Cumis

328 1611 572 1660 Hunvrnntisrrcn
609 1611 752 1676 Appuleius
767 1613 799 1662 de
811 1613 896 1677 magia
910 1628 932 1662 c.
944 1611 978 1664 39
990 1627 1017 1678 p.
1026 1612 1077 1663 484
1090 1610 1155 1661 Oua.
1177 1608 1219 1668 Ὦ.
1235 1611 1343 1659 Ennius
1359 1611 1421 1659 He-

295 1679 529 1745 dyphagetica'
549 1679 975 1746 (hediphageticaruxruh.
989 1682 1110 1731 hedeus
1124 1680 1300 1746 phagitica
1314 1679 1421 1729 Flor.c

294 1748 546 1816 hediphagitica
564 1749 631 1799 Flor.
647 1765 670 1799 a.
691 1751 946 1816 edespbagitica
960 1751 1033 1800 Fulu.
1056 1749 1335 1815 Hedypathetica
1355 1749 1421 1798 Sca-

294 1817 360 1884 liger
374 1818 454 1868 Gatal.
469 1835 495 1884 p.
512 1816 577 1881 215)
604 1821 683 1881 ‘quae
705 1821 820 1870 uersibus
839 1822 943 1886 scripsit
962 1819 1160 1870 innumerabilia
1178 1819 1291 1882 piscium
1316 1835 1421 1883 genera

295 1895 439 1947 enumerat,
460 1903 524 1950 quae
543 1888 640 1937 scilicet
661 1889 760 1939 curiose
776 1898 905 1954 cognorat.
937 1891 1035 1940 Paucos
1053 1905 1143 1938 uersus
1163 1888 1285 1948 memini,
1305 1902 1358 1937 eos
1380 1889 1421 1938 di-

296 1970 365 2006 cam:
382 1957 512 2006 omnibus'
529 1973 551 2006 e.
567 1973 592 2020 q.
607 1973 629 2006 s.
654 1958 735 2007 ‘alios
751 1959 827 2008 etiam
847 1959 933 2008 multis
952 1959 1070 2008 uersibus
1086 1958 1229 2016 decorauit,
1248 1964 1275 2006 et
1288 1957 1340 2006 ubi
1354 1974 1420 2022 gen-

294 2027 358 2076 tium
374 2027 482 2089 quisque
496 2041 596 2086 eorum,
615 2027 756 2090 qualiter
770 2043 864 2078 assus
883 2037 937 2078 aut
956 2028 1175 2078 iussulentus’
1199 2026 1419 2092 (insulentus

340 2203 356 2255 l
382 2200 512 2254 omnibus
539 2205 568 2252 ut
589 2197 696 2270 Clypea
718 2199 790 2253 iibri.
816 2201 945 2255 omnibus
975 2207 1003 2256 at
1026 2200 1147 2273 Clupeae
1171 2199 1318 2254 Turnebus
1340 2201 1418 2255 Adu.

295 2279 374 2336 XXI
397 2287 447 2349 m,
477 2282 601 2354 scalper
684 2288 702 2341 2
729 2283 801 2338 Aeni
823 2285 933 2355 spissa]
961 2285 1035 2340 Aeni
1056 2301 1158 2356 aspera
1178 2283 1249 2338 libri.
1271 2283 1351 2338 Aeni
1377 2293 1420 2339 asi

296 2382 381 2436 aspra
404 2365 559 2436 Turnebus,
585 2366 726 2439 Scaliper‚
749 2367 935 2425 Casaubonus.
964 2370 1069 2438 Aenid;
1091 2385 1175 2439 aspra
1197 2367 1360 2424 Salmasius
1382 2372 1421 2424 od

297 2450 382 2506 Salia.
401 2467 434 2521 p.
456 2454 508 2510 794
593 2459 705 2507 austrea
726 2452 784 2506 uidi
805 2454 923 2509 Daruiil.
1010 2460 1092 2513 itast
1116 2459 1215 2524 pecten
1238 2453 1417 2524 Mitylenae]

297 2535 446 2606 mitylenae
468 2543 569 2606 pecten
586 2535 666 2590 Tiar.
682 2554 710 2591 a.
731 2536 885 2609 lilithylena
903 2544 945 2592 est
967 2545 1067 2608 pecten
1088 2537 1160 2593 Piri.
1179 2540 1230 2603 (ut
1243 2539 1323 2603 uid.)
1353 2555 1417 2592 mus

297 2619 439 2674 Mitilenae
462 2627 505 2676 est
524 2625 625 2691 pecten
646 2621 724 2675 Tiar.
747 2623 843 2676 cedd.
865 2627 928 2676 aule
951 2622 1066 2679 Casuub.
1089 2640 1150 2678 mus
1174 2622 1350 2693 liliihylenae
1375 2631 1417 2676 est

297 2710 393 2774 petere
411 2707 455 2770 (ut
467 2705 539 2771 aid.)
554 2705 671 2760 Doruill.
687 2705 838 2776 Mitylenae
855 2713 898 2762 est
915 2714 1015 2777 pecten
1032 2707 1218 2763 casaubonus.
1238 2707 1356 2777 mitylus
1374 2715 1416 2761 est

297 2794 398 2858 pecten
414 2787 539 2861 Scaliper
626 2796 653 2842 et
668 2789 744 2859 apud
760 2789 944 2858 Charadram]
960 2792 1107 2846 caradrum
1126 2790 1201 2861 apud
1218 2791 1323 2844 Flora
1337 2791 1414 2846 Pia.

298 2872 494 2943 caradrinique
519 2873 594 2943 apud
614 2874 693 2928 Flor.
709 2890 732 2927 c.
755 2875 956 2945 caradiumque
979 2875 1054 2946 apud
1069 2874 1187 2932 Doruill.
1205 2874 1414 2946 caradrumque

298 2957 358 3024 (uel
371 2959 457 3026 quae)
475 2956 552 3029 apud
567 2957 650 3013 Fulu.
666 2957 727 3016 edd.
747 2963 810 3013 ante
825 2959 941 3014 Oasaub.
959 2976 1082 3030 aperque
1100 2959 1176 3030 apud
1193 2958 1345 3014 Turnebus.
1368 2979 1414 3015 ca-

298 3056 421 3112 prosque
441 3043 518 3112 apud
533 3041 719 3098 Casuubonus.
744 3043 955 3114 charadrusque
977 3043 1053 3115 apud
1075 3043 1208 3116 Scaiiper.
1230 3043 1414 3098 charadrum-

299 3142 352 3195 que
372 3124 525 3182 Salmasius
611 3127 863 3198 Ambraciamque]
893 3129 1061 3184 Vmbraciae
1091 3129 1259 3196 (Vmbracie
1280 3130 1327 3183 uel
1342 3129 1413 3182 Vm-

298 3210 386 3266 bratie
402 3211 475 3266 Pitb.
492 3212 625 3272 Domiti.)
648 3210 713 3266 linis
736 3215 779 3279 (ut
798 3213 876 3270 Flor.
897 3209 958 3287 uc)
984 3215 1043 3269 siue
1062 3213 1133 3266 lines
1148 3211 1211 3267 libri
1229 3217 1255 3266 et
1269 3213 1330 3267 edd.
1348 3220 1414 3268 anie

300 3293 416 3350 Cosaub.
434 3296 652 3351 Ambracienses
669 3295 854 3352 Casaubonus.
873 3297 1040 3352 Ambraciae
1057 3313 1154 3352 amnes
1174 3290 1324 3364 Turnebus
1340 3297 1409 3352 Sea-

298 3379 376 3450 lr‘per.
404 3380 564 3434 Ambraciai
587 3379 740 3434 Salmasius
830 3385 848 3437 4
869 3381 1020 3437 Brundusii
1039 3383 1165 3454 plerique
1185 3382 1254 3435 libri.
1278 3381 1411 3438 Brindisii

299 3464 377 3519 Flor.
398 3479 424 3516 c.
448 3463 583 3518 Brundini
610 3462 729 3518 Doruill.
757 3463 899 3518 Brundisii
926 3468 972 3521 uel
993 3467 1130 3520 Brentesii
1155 3465 1351 3520 Lacbmannus
1373 3468 1414 3520 ad

300 3547 381 3602 Lucr.
409 3547 436 3603 V
450 3553 517 3606 1006
539 3564 570 3617 p·
585 3551 648 3626 3287
674 3542 807 3602 Brundisi
828 3549 854 3603 I.
881 3549 912 3605 V.
931 3549 1092 3605 Fraaclrius
1117 3550 1194 3620 apud
1217 3549 1410 3606 Suerdsioeum

306 3631 386 3686 Vind.
401 3647 501 3702 praee.
519 3633 605 3687 Beati.
625 3649 656 3703 p.
675 3637 719 3690 53.
744 3632 901 3689 Brundusio
924 3633 1108 3690 Suerdsioeus
1129 3637 1197 3705 ipse.
1222 3633 1344 3689 Brentesi
1365 3639 1412 3692 uel

300 3715 437 3771 Brundusi
461 3715 515 3771 Pir.
544 3717 700 3789 Wapnerus
718 3719 746 3772 in
773 3717 854 3790 Verp.
880 3718 950 3772 Aen.
966 3719 1016 3773 IX
1029 3725 1076 3776 151
1164 3720 1288 3790 sargust]
1309 3736 1408 3790 sargus

299 3799 390 3855 bonus
406 3809 448 3855 est
466 3801 536 3870 libri,
551 3803 606 3856 nisi
620 3801 693 3872 quod
704 3807 746 3857 est
761 3819 812 3857 om.
828 3801 901 3857 Piri.
987 3808 1061 3874 esp.
1085 3803 1160 3858 hunc
1177 3819 1296 3874 magnus
1313 3804 1334 3858 si
1358 3808 1409 3860 erit

300 3902 382 3939 sume
399 3887 554 3956 apriculum
570 3885 640 3940 libri.
656 3885 730 3941 hune
752 3903 871 3958 magnus
888 3887 940 3940 erit
955 3887 978 3941 si
996 3887 1090 3944 Sume.
1108 3887 1243 3956 apriclum
1262 3887 1407 3958 Turnebus,

301 3968 442 4042 Scaliper‚
463 3969 641 4026 Casaubonus
726 3977 742 4029 5
765 3972 859 4040 pisces
876 3971 994 4026 Doruill.
1081 3968 1161 4044 scito]
1182 3978 1259 4026 secto
1281 3973 1325 4026 uel
1343 3990 1406 4029 seco

300 4053 379 4110 Piilt.
466 4059 482 4114 6
508 4053 633 4111 Surrenti
655 4056 784 4126 aelopem
808 4057 852 4112 iac
874 4071 951 4110 emas
972 4055 1105 4112 Glaucum
1125 4055 1201 4126 apud
1222 4055 1321 4111 Cumas
1343 4059 1407 4127 quid

300 4137 381 4193 Flor.
394 4153 418 4193 c.
435 4139 561 4196 Surrenti
577 4141 688 4212 telopen
705 4142 748 4194 lae
763 4157 840 4195 emas
857 4141 988 4212 glaucum
1004 4142 1079 4212 apud
1094 4139 1194 4196 Cumas
1211 4140 1278 4212 quid
1292 4141 1364 4195 Tiar.
1376 4160 1403 4196 a.

302 4225 440 4278 surrentia
456 4226 557 4294 elepen
574 4226 616 4280 lac
633 4241 710 4280 emas
727 4225 803 4296 apud
819 4223 921 4280 Cumas
937 4226 1004 4296 quid
1019 4225 1094 4281 Pida.
1118 4224 1291 4282 Surrentiam
1311 4227 1403 4296 elopen

301 4307 432 4364 lucernas
452 4309 581 4363 elaucum
597 4308 673 4378 apud
689 4309 791 4365 Cumas
814 4308 881 4381 quid
895 4309 1015 4366 Doruill.
1034 4309 1159 4368 Surrenti
1181 4311 1226 4366 lac
1241 4325 1316 4364 emas
1331 4311 1403 4382 glau-
