3112 5040
242 431 283 496 16
675 430 909 488 ANNALIVM

342 602 511 695 Conspicit
530 602 606 672 inde
628 600 689 672 sibi
712 600 790 670 data
811 598 974 670 Romulus
996 621 1073 671 esse
1093 597 1214 691 priora,

342 707 503 800 Auspicio
527 703 623 798 regni
643 702 786 776 stabilita
807 724 942 774 scamna
963 704 1147 802 solumque.

743 855 848 926 LVIII

258 989 317 1050 100
345 980 412 1048 Nec
429 977 486 1069 pol
505 977 605 1047 humo
626 978 801 1070 quisquam
818 975 917 1047 saciet
935 975 1059 1066 inpune
1079 974 1241 1044 animatus

344 1082 416 1152 Hoc
434 1080 497 1150 nisi
514 1085 565 1150 tu:
594 1102 669 1150 narn
687 1081 730 1149 nri
751 1079 857 1150 calido
876 1078 937 1149 das
955 1079 1120 1171 sanguine
1140 1099 1278 1170 poenas,

342 1356 429 1425 Astu
450 1374 517 1422 non
539 1351 572 1421 ui
596 1373 669 1421 suni
692 1373 853 1422 summam
876 1373 1012 1421 seruare
1034 1351 1128 1420 decet
1148 1373 1227 1422 rem.

765 1504 825 1574 LX

344 1625 505 1719 Virginis.
533 1646 609 1694 narn
626 1622 688 1692 sibi
708 1623 848 1717 quisque
869 1622 958 1693 dorni
976 1624 1146 1696 Romanus
1166 1625 1265 1696 habet
1283 1648 1351 1696 sas,

743 1775 847 1847 LXI*

343 1914 482 1986 Seruius
507 1911 539 1980 in
559 1910 681 2004 Geurg.
712 1913 823 1986 11384
857 1913 1034 1986 ‘Romulus
1061 1937 1137 1984 cum
1162 1913 1352 1984 aedificaret

241 2019 330 2090 Iouis
350 2015 547 2111 [templum]‚
581 2017 687 2106 pelles
710 2021 826 2088 unctas
848 2019 965 2088 strauit
991 2023 1022 2088 et
1049 2019 1097 2088 sie
1116 2017 1214 2088 ludos
1240 2017 1350 2102 edidit,

241 2128 276 2193 ut
305 2127 338 2193 et
364 2121 530 2194 caestibus
560 2119 750 2189 dimicarent
783 2125 815 2189 et
841 2143 940 2192 cursu
966 2122 1217 2206 contenderent,
1252 2143 1350 2213 quarn

241 2248 310 2296 renr
332 2225 458 2294 Ennius
480 2223 514 2291 in
536 2222 708 2292 annalibus
731 2224 891 2293 testatur!

723 2375 811 2447 LXII
825 2374 866 2413 ¹⁶*

342 2495 565 2588 Confrictique
581 2496 657 2566 oleo
676 2496 789 2566 lentati
807 2500 839 2566 et
856 2496 898 2566 ad
915 2517 1007 2566 anne
1024 2495 1130 2587 parati

239 2700 317 2763 tiquis
335 2698 410 2747 codd.
431 2704 503 2745 sexto
520 2696 585 2746 libro
603 2698 729 2748 antecedit
747 2699 918 2764 neptImus—
937 2697 980 2747 hie
993 2698 1029 2748 Vl
1043 2694 1074 2760 3)
1143 2696 1226 2746 LVIII
1252 2696 1350 2746 Maero-

239 2770 298 2818 bius
311 2767 364 2817 Sat.
380 2767 415 2816 VI
431 2766 444 2815 1
459 2781 486 2830 p.
499 2764 551 2816 499
564 2767 621 2816 Jan.
648 2770 688 2816 ‘tu
707 2776 791 2818 tamen
810 2769 907 2818 interea
925 2767 1008 2816 calido
1028 2765 1092 2815 rnihi
1108 2767 1233 2832 sanguiue
1252 2780 1348 2831 poenae

239 2837 382 2888 Persolues.
409 2833 485 2899 [Aen.
502 2835 614 2899 1x422]
639 2837 736 2886 Ennius
748 2839 774 2887 in
789 2839 872 2902 primu
888 2873 893 2885 .
911 2873 917 2885 .
933 2839 948 2884 .’
979 2835 1085 2885 Seruius
1105 2837 1132 2884 In
1155 2838 1219 2886 Aen.
1241 2835 1278 2885 IX
1297 2835 1348 2885 422

240 2907 339 2956 ‘calido
353 2905 417 2955 mihi
430 2905 554 2969 sanguine
569 2919 674 2969 poenas.
700 2907 796 2956 EnnIns
810 2906 949 2972 Inprimoz
967 2907 1038 2955 nem'
1055 2919 1140 2967 e.q.s.
1211 2904 1270 2955 LIX
1288 2905 1349 2955 Fes-

240 2985 281 3025 tus
295 2992 320 3041 p.
336 2973 387 3025 298
401 2974 435 3022 M.
457 2975 537 3022 ‘surn
551 2988 597 3037 pro
612 2987 670 3024 eutn
683 2991 744 3026 usus
760 2984 798 3026 est
811 2977 908 3026 Ennius
922 2976 949 3025 Ii.
968 2976 978 3024 1
994 3011 1000 3023 .
1017 3011 1024 3024 .
1040 2976 1056 3023 .'
1074 2974 1087 3040 (
1094 2975 1187 3023 euius
1207 2973 1280 3038 cod.)

239 3045 285 3095 LX
310 3045 400 3094 Festus
418 3059 445 3108 p.
460 3041 559 3093 32511.
586 3047 656 3094 ‘sas
676 3046 782 3096 Verrius
803 3053 875 3110 putat
895 3044 1040 3110 significare
1061 3059 1105 3093 ene
1123 3050 1186 3093 teste
1205 3045 1286 3094 Ennio
1305 3045 1349 3106 qui

241 3117 302 3166 dicit
318 3116 344 3164 in
358 3113 375 3162 l.
391 3114 416 3162 I:
435 3112 563 3178 uIrgines'
580 3129 602 3162 e.
620 3130 644 3177 q.
661 3129 682 3163 s.
703 3118 776 3164 ‘curn
789 3130 849 3165 suas
865 3115 948 3179 magis
962 3113 1107 3180 significare
1119 3113 1254 3178 uideatur!
1284 3114 1348 3162 Peu-

240 3185 280 3235 lus
294 3201 320 3250 p.
333 3185 384 3236 324
395 3183 428 3232 M.
449 3186 530 3241 ‘sns‚
551 3198 620 3232 suus.
652 3185 762 3234 Ennius:
782 3186 910 3250 uirgines·
935 3200 957 3232 e.
974 3200 998 3246 q.
1015 3199 1036 3232 e.
1108 3183 1180 3233 LXII
1198 3183 1303 3234 Seruius
1323 3184 1348 3232 in

240 3251 423 3305 nen.111384
449 3255 487 3302 ‘et
506 3253 610 3315 quidam
630 3253 809 3306 lentandus
827 3269 893 3304 none
912 3254 1018 3302 uerbum
1033 3252 1118 3302 fletum
1135 3260 1238 3317 putant,
1262 3253 1309 3303 sed
1322 3253 1348 3300 in

239 3324 374 3375 annalibus
393 3323 500 3386 legitur:
530 3322 717 3374 confricati
742 3326 813 3374 uleo
834 3323 958 3373 lentati
982 3324 1165 3388 paratique
1186 3323 1224 3372 ud
1243 3323 1348 3372 arma)

238 3395 314 3444 Ennii
332 3392 437 3443 annales
450 3392 595 3458 suspicatur
608 3392 636 3442 C.
653 3393 771 3443 Burthius
788 3393 822 3444 ad
834 3393 966 3443 claudian.
983 3392 1058 3442 Gens.
1073 3392 1144 3442 MnlI.
1155 3394 1203 3444 tu.
1231 3392 1286 3442 Hue
1299 3399 1349 3440 ret-

280 3571 316 3626 96
342 3581 406 3624 esse
431 3567 526 3636 priora
552 3568 642 3640 uulgo.
670 3569 813 3640 proprium
841 3567 920 3623 Vinci.
941 3568 1003 3624 Eri.
1110 3573 1163 3626 100
1194 3583 1250 3622 non
1277 3565 1347 3621 Pur.

238 3653 337 3710 Setun.
443 3657 494 3712 101
510 3653 584 3721 nisi]
600 3670 691 3725 neque
705 3652 818 3710 Merula
902 3653 939 3708 nri
953 3669 1009 3714 om.
1022 3652 1120 3708 Sulieb.
1208 3647 1283 3706 dabi'
1307 3652 1348 3704 ‘in

237 3737 469 3795 oraScritteriani
482 3739 551 3793 ced!
576 3737 713 3796 Macrobii
727 3738 929 3803 temptuque,
947 3736 1060 3793 Merula
1145 3743 1196 3796 102
1215 3741 1277 3791 astu
1292 3751 1348 3790 non

238 3825 278 3892 ui]
296 3829 323 3879 at
337 3830 366 3879 tu
381 3839 437 3876 non
452 3829 481 3876 ut
497 3823 556 3878 eud.
571 3830 598 3878 at
615 3829 711 3878 tenen
730 3830 758 3879 ut
773 3823 913 3880 Columna.
934 3829 962 3876 at
985 3828 1013 3876 te'
1028 3838 1084 3878 non
1100 3821 1208 3877 Tatium
1224 3819 1348 3892 Scatqer

322 3924 460 3964 summam
480 3906 605 3964 Vrsinus.
622 3924 730 3964 summu
744 3908 803 3962 cod.
845 3907 888 3978 Of.
900 3906 997 3962 Aescu.
1008 3907 1104 3964 Prum·
1114 3910 1168 3966 214
1184 3889 1269 3972 ὧςοῦ
1280 3889 1346 3960 κατ’

237 3979 321 4068 ἰσχὺν
342 3976 413 4050 οὐδὲ
432 3977 507 4065 πρὸς
527 3978 559 4046 τὸ
575 3978 716 4068 καρτερὸν
731 3985 826 4066 χρείη,
847 3980 925 4071 δόλῳ
945 3984 978 4048 δὲ
992 3977 1061 4060 τούς
1081 3977 1258 4068 ὑπερτέρους
1274 4006 1347 4064 uqa·
1442 4013 1445 4022 ·

235 4078 296 4135 τεῐν
405 4081 457 4135 103
479 4077 597 4148 uIrgInis
615 4079 674 4132 etue
695 4077 814 4148 ungine.
834 4093 898 4131 narn
919 4069 1176 4132 Lachmannusuu
1191 4074 1278 4130 lucr.
1308 4071 1352 4128 VI

237 4164 314 4220 1067.
334 4163 459 4234 ungnes
475 4178 541 4217 nam
552 4162 659 4230 nutus,
674 4160 782 4216 Paulus
886 4165 938 4223 104
953 4162 1135 4232 eonfrieIIque
1151 4160 1190 4216 II.
1202 4158 1347 4230 Ilberqiue.

236 4247 380 4302 confricati
399 4245 515 4302 Sentius
600 4246 684 4302 etad
709 4262 787 4304 arma
807 4248 897 4320 parati
919 4246 957 4304 H.
972 4245 1118 4319 luemus.
1142 4247 1288 4318 paratique
1310 4241 1348 4298 ad

237 4347 316 4387 arma
331 4331 447 4388 Seruius
