2984 5032
491 449 720 508 ΕΝΝΙΑΝΑΕ
1058 459 1155 506 xuvu

79 637 153 692 caeo,
174 624 235 694 quia
253 638 315 678 cum
332 622 437 677 Latinis
457 621 594 677 rebellare
615 621 765 676 noluissent
839 621 937 674 eloim
951 619 1009 674 sire
1022 618 1160 690 saffrayic

79 735 129 784 ulo.
172 724 228 784 Sed
257 724 322 784 inde
353 741 390 782 ue
416 723 498 782 nimis
526 731 609 781 certo
639 721 713 780 hanc
742 722 905 798 fragmento
928 719 966 779 lV
990 719 1089 780 sedem
1110 720 1159 780 ad·

79 832 168 907 ignes,
205 829 360 909 prohibent
397 829 471 889 haec
498 826 569 886 Liuii
603 846 620 886 c
652 827 727 887 libro
754 825 849 886 XXlll
877 824 914 884 31
949 825 1040 888 uerba
1070 836 1097 886 et
1125 831 1159 886 de

79 944 178 998 ecentie
197 941 328 1014 equitibus
348 941 510 1012 Campcm'c,
532 941 581 1011 qui
600 941 629 994 in
653 938 748 996 Sicilia
768 955 833 995 cum
851 937 908 1010 fide
925 937 1066 1009 stipendiis
1087 951 1158 992 eme-

79 1050 115 1102 itis
134 1047 246 1104 Romam
267 1053 418 1116 meant,
448 1047 532 1102 latum
553 1046 592 1101 ad
606 1048 758 1117 poputum,
782 1051 812 1101 oi
832 1046 908 1100 ciues
930 1042 1053 1100 Romani
1071 1048 1161 1099 essent

79 1168 99 1208 a.
119 1169 145 1209 u.
167 1167 191 1208 c.
212 1147 301 1227 537).
345 1147 453 1206 Verum
482 1165 519 1206 ne
545 1146 617 1207 lides
647 1147 763 1226 quidem
791 1146 932 1226 probatur
955 1148 1022 1208 milri
1044 1167 1158 1226 uersus,

79 1275 139 1316 uem
162 1272 214 1334 pro
242 1252 393 1332 spondiaci
422 1254 559 1334 exemplo
588 1254 712 1334 procliui
734 1272 825 1332 opera
852 1251 1030 1315 censorinus
1054 1255 1157 1332 fragm.

79 1405 81 1418 .
106 1362 141 1420 ll
160 1378 186 1439 p.
210 1359 250 1420 93
273 1359 356 1420 Jahn.
381 1361 524 1440 effingere
548 1361 654 1440 potuit:
678 1370 708 1421 ut
724 1360 883 1422 Diomedes
907 1361 1019 1422 eliinxit
1041 1379 1069 1439 p.
1085 1360 1157 1420 494.

79 1467 115 1525 95
137 1466 167 1526 P.
210 1463 274 1524 Nec
302 1483 374 1526 uero
403 1468 532 1529 relicuos
554 1487 592 1528 ex
613 1468 670 1529 hoc
693 1487 804 1546 genere
825 1485 946 1542 uersus,
975 1483 1049 1545 quos
1072 1483 1157 1526 nemo

79 1579 180 1662 status·
203 1579 248 1630 est
270 1570 353 1630 Ennii
387 1591 471 1650 esse,
509 1575 544 1635 ad
572 1575 647 1636 hunc
674 1582 792 1653 poetam
819 1573 999 1635 confidenter
1027 1568 1159 1639 ascribo;

79 1687 170 1737 raeter
189 1697 273 1737 unum
297 1678 326 1757 (Ι
340 1681 376 1740 lr.
394 1678 524 1760 ΧΧΧΙ),
549 1699 634 1760 quem
650 1680 686 1742 ad
702 1699 783 1740 suum
798 1690 948 1740 auctorem
963 1676 1069 1737 Atilius
1086 1674 1159 1736 For-

79 1786 212 1845 mutianus
248 1803 277 1863 p.
310 1785 389 1847 2691
422 1785 452 1846 P.
483 1786 562 1864 (340
592 1784 642 1864 G.)
673 1785 792 1845 rettulit.
839 1785 898 1846 Sed
922 1786 963 1846 illi
994 1781 1158 1859 Censorini,

79 1890 132 1949 uod
158 1889 192 1949 ad
212 1888 360 1952 Ennianos
384 1891 525 1952 admissus
549 1901 612 1966 est,
644 1892 723 1952 lauet
742 1909 799 1951 oon
818 1892 905 1968 nihil,
935 1889 1013 1972 quod
1035 1890 1160 1966 Vergilii

79 1996 236 2073 ueretiique
267 1998 402 2058 uersibus
442 1999 545 2058 tertius
581 1997 713 2057 adiectus
748 2008 802 2057 est.
860 1998 905 2058 Ile
939 1999 1102 2075 fragmento
1133 1997 1159 2055 V

79 2103 144 2162 eicio
165 2121 239 2162 nunc
261 2103 380 2184 llbergii
402 2115 431 2165 et
456 2121 565 2177 meem,
590 2120 675 2180 quam
696 2103 765 2162 olim
787 2103 925 2181 probaui,
950 2105 1157 2178 coniecturam,

79 2227 196 2268 omanos
218 2209 376 2286 significari
399 2211 426 2268 iu
446 2209 566 2269 lurculis
583 2207 719 2270 Caudinis
739 2208 792 2268 sub
814 2209 883 2288 iugo
906 2219 1058 2269 exeuntes.
1097 2208 1161 2269 Nec

79 2316 124 2374 un
147 2314 265 2393 placent
287 2315 506 2376 ‘lacrimantes’
526 2314 631 2374 milites
648 2315 785 2390 Romani,
812 2316 963 2394 placerent
984 2324 1159 2392 maerentes,

79 2429 302 2480 inolescentes:
340 2420 524 2481 lacrimantes
555 2421 690 2481 uidentur
720 2422 857 2481 mulieres
888 2423 985 2500 potius
1014 2422 1158 2500 liberique

80 2535 235 2604 :pugnatas
256 2529 357 2587 nescio
378 2527 459 2586 cuius
480 2525 560 2584 urbis
583 2527 738 2586 nominari:
761 2526 926 2605 displicent
948 2529 1034 2588 etiam
1056 2530 1159 2588 ‘mise-

82 2637 166 2691 ntes’
190 2632 239 2692 illa
259 2632 417 2692 occasione
440 2632 600 2704 Samnites,
634 2648 708 2709 quos
731 2632 827 2694 Liuius
847 2633 889 2694 lX
908 2635 927 2696 6
950 2634 1047 2714 prodit
1072 2654 1088 2695 a
1110 2637 1160 2694 mi-

84 2739 197 2797 ratione
226 2737 340 2814 longius
369 2737 488 2796 aluisse.
533 2735 666 2815 Denique
689 2740 817 2800 incertus
841 2741 949 2801 haereo
975 2742 1011 2801 de
1035 2741 1159 2818 duobus,

80 2844 248 2918 orestem,
277 2844 432 2904 uersiculis
449 2843 488 2902 Vl
512 2851 541 2901 et
564 2841 634 2902 Vll:
666 2862 787 2922 quorum
809 2847 859 2908 ille
883 2848 919 2907 de
943 2850 1159 2926 oppugnatione

81 2948 150 3025 ipidi
172 2947 308 3008 effertur:
331 2966 502 3028 qrramquam
518 2949 595 3027 quod
612 2951 750 3028 oppidum
767 2953 859 3013 dicam
879 2972 949 3032 prae
966 2954 1030 3014 aliis
1047 2957 1158 3015 nescio.

81 3073 96 3112 c
117 3063 233 3131 potest,
257 3057 392 3133 quoniam
414 3056 451 3115 de
467 3055 632 3114 Samniticis
654 3055 741 3115 bellis
762 3058 790 3116 in
811 3057 869 3118 hoc
890 3059 965 3119 libro
989 3063 1104 3137 agitur,
1124 3061 1159 3121 ad

81 3160 188 3219 tceriae
217 3163 481 3248 expuguationem
511 3179 595 3240 qoam
616 3160 713 3220 Liuius
740 3161 808 3222 Vlll
831 3165 868 3225 13
898 3168 1042 3241 narrauit,
1071 3169 1159 3245 perti-

83 3283 128 3323 re.
175 3268 307 3346 Septimo
326 3267 438 3328 Merula
462 3268 567 3328 flumen
586 3267 671 3326 lirim
694 3275 723 3326 et
743 3267 861 3344 urbem,
891 3288 975 3347 quam
996 3282 1158 3350 percurrat,

84 3381 205 3432 nturnas
234 3373 391 3450 signidceri
421 3372 571 3433 censebat.
617 3372 661 3432 Ac
688 3372 820 3449 deliri,
853 3376 933 3434 cuius
956 3377 984 3435 in
1006 3377 1063 3438 hoc
1084 3378 1159 3438 libro

82 3478 200 3556 rltiplerr
230 3497 297 3539 esse
327 3482 562 3540 commemoratio
593 3482 685 3558 potuit
716 3479 770 3557 (cl.
794 3479 969 3556 Niebuhrius
996 3484 1024 3543 in
1047 3485 1158 3544 scholis

83 3584 226 3646 ademicis
245 3587 281 3646 de
304 3586 485 3665 geographia
508 3589 623 3666 antiqua
647 3606 675 3666 p.
692 3586 789 3665 453),
813 3603 871 3646 uon
894 3589 991 3668 inepte
1007 3591 1157 3666 cogitauit,

104 3709 164 3768 quo
187 3691 324 3751 Horatius
345 3690 439 3752 Germ.
463 3691 550 3767 131,
575 3693 593 3750 7
615 3697 689 3752 Liris
710 3698 801 3767 potera
823 3699 931 3754 mordet
949 3717 1023 3771 oque
1046 3703 1158 3755 toeilur-

83 3816 95 3854 ε
117 3805 222 3858 omnis.
257 3796 302 3857 Cf.
327 3797 502 3858 Niebuhrius
525 3798 544 3856 l.
567 3798 585 3857 l.
612 3816 638 3876 p.
656 3796 718 3858 340
741 3805 770 3855 et
792 3797 864 3856 450.

513 4069 639 4134 GAPVT
661 4071 701 4134 lll

130 4236 163 4296 ln
184 4237 231 4297 his
252 4249 388 4317 quattuor
407 4242 505 4318 libris,
531 4244 567 4303 de
590 4245 695 4322 qrrilrus
710 4260 775 4321 cap.
792 4241 818 4301 ll
831 4243 960 4320 egimus,
980 4261 1034 4322 per
1047 4245 1159 4323 amplos

89 4352 137 4403 tus
150 4363 187 4404 ac
202 4344 322 4406 lacunas
335 4350 417 4425 quasi
431 4348 543 4406 incerto
559 4351 686 4428 uestigio
702 4351 871 4408 errauimus.
892 4350 996 4410 Sexti
1015 4351 1159 4411 annalis
