3112 5040
673 443 907 502 nnnnmvu
953 407 957 424 ’

463 555 472 588 ι
762 607 826 678 ν*

341 726 371 797 ls
389 747 509 819 pernas
529 726 666 798 succidit
687 727 970 820 iniqua-superbia
987 727 1100 798 Poeni.

744 861 790 931 Vl
805 860 844 898 Η

250 986 312 1049 280
338 977 447 1046 Marsa
464 997 581 1046 manus
599 976 739 1072 Peligna
760 979 881 1051 cohors
900 977 1041 1050 Vestina
1059 979 1167 1048 uimm
1185 977 1237 1047 uis
1281 1055 1283 1066 ¹

340 1213 570 1310 Consequitur.
592 1236 721 1286 summo
740 1113 852 1288 srlilitu
872 1217 975 1312 quatit
995 1216 1123 1312 ungula
1139 1219 1269 1287 terram.

755 1348 831 1420 Vlll
917 1363 918 1368 ’

617 1485 762 1555 praecox
781 1487 896 1558 pugna
915 1469 966 1534 est

769 1595 814 1664 IX

340 1711 474 1784 Cartare
491 1712 637 1784 abnueo:
665 1718 775 1784 metuo
792 1712 980 1806 legionibus
1001 1712 1116 1782 labem.

746 1845 833 1916 X„

337 1963 477 2032 Hostem
496 1964 551 2056 qui
568 1965 663 2036 leriet
682 1967 759 2037 mibi
778 1965 839 2037 erit
855 1961 1139 2058 Karthaginiensis

248 2077 311 2142 285
339 2065 496 2160 Quisquis
517 2067 586 2140 erit.

238 2269 359 2336 ‘puelli
372 2269 446 2335 pueri
459 2284 505 2335 per
519 2270 727 2322 deminutionem.
749 2271 859 2320 Ennius:
878 2269 969 2320 Poeni'
989 2285 1012 2320 e.
1021 2285 1045 2332 q.
1053 2284 1075 2318 a.
1101 2266 1198 2316 Nonius
1208 2283 1234 2333 p.
1243 2266 1302 2326 158,
1313 2267 1347 2320 20

236 2343 243 2365 ‘
276 2339 386 2389 uellos
406 2353 553 2405 pueros-
570 2367 605 2376 —
625 2341 735 2392 Ennius:
761 2341 834 2390 suos'
863 2355 885 2388 e.
903 2355 927 2402 q.
942 2355 964 2389 s.
1036 2339 1060 2387 V
1084 2337 1174 2386 Festus
1197 2353 1223 2402 p.
1242 2335 1292 2390 305
1311 2337 1345 2386 Μ.

235 2355 483 2476 ‘fsup]pernati
497 2407 642 2474 dicu[ntur‚
668 2412 760 2474 quibus
773 2405 881 2474 lemi]na
893 2417 952 2458 sunt
964 2407 1064 2470 succisa
1078 2406 1115 2473 [in
1129 2407 1232 2456 modum
1246 2405 1346 2470 suilla]-

236 2495 293 2528 rum
305 2478 463 2546 pomaru[m.
490 2479 588 2532 Ennius
602 2481 628 2530 in
644 2477 804 2544 annalibus]:
825 2479 861 2528 is'
881 2495 903 2529 e.
919 2494 944 2542 q.
959 2493 980 2528 s.
1011 2476 1105 2527 Paulus
1117 2490 1143 2541 p.
1156 2473 1208 2526 304
1221 2477 1255 2526 M.
1276 2478 1347 2541 ‘sup-

235 2550 333 2614 pernati
348 2550 474 2610 dicuutur,
494 2549 587 2613 quibus
602 2550 698 2600 lemma
713 2557 770 2600 sunt
783 2549 883 2598 succisa
899 2549 924 2597 in
938 2548 1040 2598 modurn
1053 2545 1185 2596 suillarum
1199 2559 1344 2611 pernarum.

235 2619 345 2668 Ennirrs:
363 2619 418 2668 his‘
443 2635 466 2668 e.
482 2635 506 2682 q.
522 2635 543 2668 s.
615 2621 651 2668 Vl
678 2619 808 2670 Charisius
829 2619 865 2668 IV
886 2634 912 2684 p.
928 2618 976 2668 251
998 2618 1025 2666 P.
1047 2615 1112 2682 (167
1123 2613 1215 2678 Llnd.)
1239 2608 1346 2680 ισχέσις

197 2713 200 2722 ·
235 2679 397 2750 dvopoirov’
422 2687 560 2738 Diomedes
580 2687 602 2736 ll
622 2704 649 2754 p.
665 2689 715 2738 441
731 2690 758 2738 P.
785 2680 892 2752 ισχέσις
913 2675 1073 2751 dvopriror’
1099 2685 1214 2734 Donatus
1230 2684 1347 2734 desche-

233 2757 344 2806 matibns
358 2773 385 2822 p.
404 2757 471 2807 1774
484 2757 512 2806 P.
532 2757 579 2823 (31
593 2757 684 2822 Llnd.)
703 2751 812 2822 ισχέσις
827 2747 989 2819 ὅνομσέτων’
1020 2755 1158 2820 Pompeius
1171 2754 1265 2804 Donati
1277 2769 1346 2804 com-

234 2833 310 2875 ment.
326 2841 352 2891 p.
369 2826 508 2877 46011110.
534 2825 676 2876 ‘iaciebant
689 2843 792 2878 uersum
807 2828 832 2876 in
846 2841 895 2888 quo
910 2841 987 2876 uersu
1000 2839 1050 2875 non
1065 2825 1181 2874 inuenies
1195 2824 1246 2873 nisi
1261 2825 1346 2874 omnia

233 2896 353 2955 nomina,
379 2903 421 2944 ut:
438 2933 443 2944 .
458 2933 463 2944 .
476 2932 481 2943 .
495 2897 602 2961 magna‘
621 2913 644 2946 e.
661 2913 685 2959 q.
703 2912 724 2946 a.
760 2897 831 2946 Beda
844 2897 871 2945 in
883 2896 957 2946 Rhet.
974 2895 1029 2945 Lat.
1044 2893 1110 2944 Pitb.
1126 2908 1152 2958 p.
1168 2892 1219 2952 345
1238 2888 1345 2958 (σχέσις

233 2953 396 3026 ὀνομάτων’
430 2965 526 3023 tinulo,
559 2965 631 3015 cuius
649 2966 720 3016 nulla
739 2966 809 3032 apud
830 2967 1010 3031 grammaticos
1033 2963 1142 3022 mentio,
1174 2963 1278 3013 ascribit
1298 2963 1346 3015 Go-

234 3034 320 3083 lnmna
390 3035 439 3083 Vll
456 3034 600 3084 Macrobius
619 3035 673 3085 Sat.
686 3037 722 3086 Vl
739 3037 751 3086 1
766 3036 923 3100 p.500.lan.
952 3033 1167 3099 ‘quadripedante
1183 3040 1282 3098 putrem
1304 3048 1346 3082 so-

233 3103 286 3153 nitu
302 3104 383 3166 quatit
399 3103 496 3170 ungula
513 3118 640 3170 campum.
670 3103 746 3170 [Aen.
759 3106 820 3154 VIII
833 3102 894 3170 500]
922 3105 1018 3154 Ennius
1038 3104 1064 3152 iu
1077 3109 1166 3154 sexto:
1188 3102 1245 3167 [VII
1259 3102 1291 3152 fr.
1309 3102 1344 3167 V]

233 3173 301 3222 idem
321 3173 346 3221 in
366 3180 456 3222 octauo
584 3173 685 3239 (idem
705 3176 737 3224 in
758 3183 874 3224 octauo
903 3188 960 3224 eum
980 3187 1058 3223 uersu
1076 3171 1152 3222 Ennii
1170 3186 1220 3222 om.
1245 3171 1344 3237 Neap.)

303 3241 364 3292 VIII
383 3242 480 3293 Nonius
492 3258 519 3309 p.
536 3243 594 3303 loo,
608 3243 641 3294 16
666 3248 828 3308 ‘praecox
849 3249 873 3293 et
892 3257 1029 3308 praecoca,
1058 3242 1126 3306 quod
1149 3249 1187 3290 est
1209 3241 1343 3291 inmatura.

233 3311 330 3361 Ennius
345 3312 431 3362 annali
446 3313 490 3362 lib.
504 3313 564 3362 Vlll
580 3314 633 3362 ...’
705 3314 741 3363 IX
759 3313 961 3378 Diomedeslp.
976 3310 1027 3363 378
1040 3312 1067 3360 P.
1095 3311 1182 3376 ‘apud
1201 3319 1301 3361 ueteres
1320 3319 1345 3360 at

233 3381 360 3430 abnueo
382 3382 478 3432 dictum
493 3389 643 3432 annotamus
657 3390 685 3432 ut
697 3384 795 3434 Ennius
810 3391 899 3432 octauo
913 3381 1044 3432 annalium
1058 3381 1110 3430 ...'
1143 3379 1231 3430 Sobel.
1248 3381 1342 3432 Veron.

231 3449 258 3496 in
268 3449 331 3499 Aen.
345 3449 394 3500 X8
408 3466 434 3516 p.
443 3451 493 3502 102
503 3452 569 3500 Keil.
590 3451 770 3518 ‘[abnuerom.·
783 3452 884 3502 Ennius
899 3453 1066 3502 annalium—
1076 3449 1140 3501 baec
1153 3450 1221 3499 abnu
1231 3448 1289 3513 -]'
1305 3451 1343 3500 Ab

232 3519 263 3566 Α.
280 3517 347 3568 Maio
361 3517 427 3570 lecta
440 3520 471 3568 Η.
486 3519 568 3569 Keilio
588 3535 637 3570 nou
656 3522 706 3572 iam
721 3521 879 3588 apparebant
949 3519 973 3569 X
992 3519 1081 3571 Cicero
1095 3533 1142 3586 pro
1155 3518 1236 3570 Balbo
1252 3521 1294 3578 22,
1310 3519 1341 3570 bl

231 3587 407 3650 ‘nequeenim
424 3589 468 3638 ille
481 3603 596 3640 summus
609 3591 686 3657 poeta
701 3599 786 3641 noster
801 3588 950 3640 Hannibalis
963 3590 1034 3639 illam
1047 3589 1130 3654 magis
1144 3588 1343 3639 cohortationem

235 3699 437 3712 Μ-

230 3762 287 3832 dis]
303 3764 480 3835 paenisolitis
497 3780 549 3819 uos
568 3764 629 3820 cod.
645 3765 722 3820 Festi
735 3769 800 3819 wate
813 3761 853 3818 Η.
870 3759 960 3818 Keilio
975 3762 993 3816 1.
1010 3761 1028 3816 1.
1038 3778 1072 3833 p.
1089 3764 1151 3820 673.
1166 3760 1252 3814 Poeni
1269 3759 1342 3814 soliti

229 3866 297 3904 suos
314 3849 413 3905 Festus
430 3841 616 3915 colomers,
639 3849 755 3905 Paulus.
790 3863 857 3904 suos
872 3846 946 3902 diuis
961 3845 1077 3902 Nonius.
1105 3846 1193 3900 Poeni
1209 3843 1253 3898 dis
1268 3843 1341 3898 soliti

228 3949 277 3988 sos
295 3933 346 3988 ia.
358 3933 483 4006 Harpina,
506 3949 524 3987 a
540 3949 593 4004 quo
610 3949 665 3988 non
675 3933 781 4003 pendet
793 3947 854 3987 mea
868 3927 1018 3986 emendatio
1122 3933 1175 3988 2⁷9
1197 3931 1220 3984 is
1232 3927 1339 3984 roto.

226 4017 267 4090 cf.
282 4017 481 4075 Lacbmonnus
495 4017 535 4072 ad
544 4015 628 4071 boor.
645 4015 664 4071 1
668 4017 766 4076 V933.
781 4015 826 4072 his
842 4015 949 4071 Paulus
1035 4014 1085 4070 idit
1100 4015 1194 4085 iniqua
1209 4013 1340 4084 superbia

225 4118 282 4156 non
296 4109 438 4174 appareat
448 4105 477 4157 in
491 4102 551 4157 cod.
568 4101 644 4156 Festi
746 4105 800 4159 280
816 4116 911 4156 marsa
926 4099 997 4155 Par.
1014 4099 1128 4163 Donati,
1153 4115 1181 4154 rs
1197 4116 1234 4153 m.
1250 4097 1297 4152 att.
1312 4098 1341 4152 ln

226 4199 341 4240 rosana.
365 4203 470 4260 magna
491 4185 639 4258 Pompeius
723 4186 842 4240 Vestina
861 4184 889 4239 J.
911 4183 1007 4240 Darsa
1028 4201 1046 4238 a
1067 4182 1178 4238 Meneta
1202 4183 1339 4246 laudabas,

227 4269 395 4326 Nr’ebubrr'as
411 4271 483 4326 Hist.
500 4269 581 4326 Rom.
597 4268 618 4324 I
629 4273 680 4330 113
702 4271 743 4325 ed.
759 4273 785 4327 3.
819 4267 998 4324 lestinalibri
1080 4267 1275 4324 festinaramus
1295 4267 1339 4324 uis

165 4427 174 4442 „
228 4351 548 4431 Monocotommpr.
562 4370 623 4414 rum
636 4355 750 4414 uisccd·
763 4352 848 4413 coar.
952 4359 1004 4414 081
1027 4353 1227 4424 oumsequitur
1240 4349 1338 4408 Satio.
