2984 5032
410 480 719 551 QVAESTIONES
743 481 974 540 ΕΝΝΙΑΝΑΕ
1182 493 1244 542 xlx

140 651 249 702 cerard-
266 651 297 704 ut
315 649 345 706 0.
367 651 497 710 Omoemus
517 652 671 727 Lampadio
692 655 794 712 Naeuii
813 653 950 711 Ponam
970 653 1076 724 bellum
1096 652 1171 727 quod
1189 669 1244 710 uno

138 754 276 812 memmiae
296 762 323 812 et
340 761 488 817 contuenti
505 764 648 836 tempnere
669 763 824 834 mmmmm
843 761 934 820 ducat
956 765 986 820 in
1014 767 1118 835 septem
1146 761 1244 818 libros.-
1294 836 1298 848 Ι

138 866 170 916 “²
182 867 280 932 emilia
293 861 326 930 Q·
347 865 530 940 Vargunteius
548 870 664 926 annales
684 869 783 937 Enna,
806 884 873 942 qaae
894 871 976 926 certis
993 869 1087 926 atomus
1100 869 1129 924 in
1142 883 1244 940 magna

135 965 296 1041 frequentia
322 975 533 1043 pronuntiabat.-
571 984 603 1034 ut
630 975 742 1034 boetica
775 975 930 1036 Archelaus
989 975 1149 1050 Veetluaqae
1175 972 1240 1032 Plri-

140 1072 260 1132 tooomus
282 1075 380 1136 Lucilii
398 1088 521 1141 saturas.
558 1080 598 1142 At
621 1100 638 1144 a
658 1081 798 1144 Suetonio
826 1078 896 1142 nihil
919 1077 978 1140 tale
999 1078 1153 1142 memorari
1174 1095 1243 1140 con·

134 1179 242 1256 cedet,
274 1183 322 1260 qui
347 1183 437 1246 uerba
465 1195 495 1248 et
515 1188 677 1250 sententiae
699 1207 805 1250 nexum
825 1187 946 1268 propius
969 1184 1133 1266 aspexerit:
1163 1183 1243 1244 cuius

136 1288 175 1350 de
194 1307 229 1351 aa
249 1308 283 1350 re
304 1291 450 1354 silentium
471 1293 538 1356 mibi
561 1295 637 1357 adeo
659 1314 713 1377 pro
737 1297 846 1358 diserto
872 1313 940 1356 esse
968 1290 1133 1356 testimonio
1163 1289 1243 1350 uide·

136 1404 193 1457 tur.
249 1397 358 1460 Verum
385 1401 460 1462 alios
490 1403 563 1464 duos
587 1401 706 1482 prodire
735 1411 828 1464 testes
862 1401 966 1479 iubeo,
1003 1401 1051 1482 qui
1089 1397 1166 1477 quod
1191 1397 1244 1460 ille

136 1505 263 1566 tacendo
285 1510 374 1572 docet
395 1518 498 1589 aperte
518 1518 548 1570 et
569 1518 601 1571 at
621 1509 697 1572 absit
717 1509 856 1572 dubitatio
879 1509 1003 1571 tradunt.
1037 1506 1146 1568 Plinius
1167 1506 1243 1568 euim

135 1611 211 1674 baec
239 1615 268 1673 in
295 1616 416 1677 naturali
437 1616 557 1678 historia
585 1615 655 1696 (Vll
679 1617 755 1696 101)
784 1614 890 1676 refert:
914 1617 948 1687 Q.
964 1619 1073 1676 Ennea
1093 1617 1127 1676 L.
1149 1619 1244 1678 Caeci-

138 1725 204 1780 lium
222 1725 354 1782 Dentrem
372 1725 548 1802 fratremque
576 1728 634 1786 aas
651 1728 807 1801 praecipue
827 1729 944 1784 miratus
959 1733 1079 1801 propter
1111 1742 1158 1783 eos
1177 1742 1244 1784 serc-

139 1836 195 1887 tam
217 1831 360 1892 decumum
380 1834 480 1891 aduae
499 1836 637 1892 annalem.
682 1829 764 1904 Quae
781 1829 919 1890 memoria
934 1827 1046 1906 hausta,
1070 1837 1101 1889 ut
1117 1829 1242 1907 uidetur,

140 1953 178 1993 ex
202 1936 324 1995 uetustis
353 1938 474 1999 alicuius
495 1937 673 2017 grammatici
696 1936 910 1998 commentariis
933 1935 1105 1998 difficultate
1128 1937 1242 2017 quidem

136 2042 265 2122 inpedita
288 2053 336 2104 est
354 2045 468 2126 aliqua,
493 2063 577 2124 quam
599 2060 653 2104 suo
673 2041 741 2104 loco
764 2059 940 2123 proponam:
964 2041 1022 2104 boc
1041 2051 1137 2104 tamen
1154 2043 1242 2123 adpa-

138 2159 199 2228 ret,
228 2152 267 2211 ita
287 2169 342 2212 nec
362 2152 482 2213 Plinium
504 2172 560 2215 nec
587 2169 668 2228 eum,
698 2151 779 2212 cuius
801 2150 852 2213 ille
877 2151 1079 2212 auctoritatem
1100 2151 1241 2230 sequitur,

139 2256 289 2318 locuturos
315 2257 424 2337 inisse,
452 2261 507 2322 nisi
528 2259 649 2321 Ennium
676 2276 793 2320 carmen
815 2276 870 2338 per
897 2258 1029 2336 singulos
1059 2257 1150 2321 librae
1173 2275 1242 2322 cem

138 2363 295 2443 scripsisse
316 2383 370 2445 pro
395 2377 545 2448 comperto
568 2367 681 2428 luisset.
718 2366 814 2446 Atque
836 2368 924 2428 tertio
947 2376 1014 2430 ante
1037 2365 1146 2428 obitum
1167 2383 1242 2429 anae

138 2468 406 2550 duodeuigesimum
440 2475 572 2536 annalem
605 2475 726 2551 adiecit,
762 2476 826 2554 ipse
858 2474 932 2536 hanc
961 2476 1109 2538 inmensae
1140 2474 1242 2554 poesie

138 2579 220 2655 quasi
249 2577 360 2641 calcem
391 2581 514 2642 loturam
546 2583 746 2661 praesagiens.
791 2580 833 2642 lta
861 2582 936 2642 enirn
956 2580 1031 2643 alter
1062 2599 1148 2662 quem
1174 2599 1242 2661 pro·

138 2687 241 2745 uocaui
263 2688 364 2764 testis,
394 2686 505 2749 Gellius
530 2687 581 2766 (N.
604 2686 639 2747 A.
664 2685 746 2748 XVII
767 2686 842 2768 21):
866 2692 1009 2752 Claudium
1029 2701 1055 2752 et
1078 2694 1243 2752 Tuditanum

137 2797 263 2851 comunes
286 2803 418 2854 seamtur
440 2798 473 2868 Q.
502 2799 629 2856 Valeriae
656 2804 682 2855 et
705 2799 733 2856 0.
756 2797 912 2872 Mamilius,
941 2801 1039 2875 quibu
1062 2807 1157 2860 mamm
1183 2817 1244 2860 ease

138 2900 171 2970 Q.
199 2903 321 2960 Enniam
344 2908 457 2978 poetam
483 2904 529 2962 M.
560 2906 651 2962 Varro
678 2907 708 2962 in
735 2908 826 2979 primo
851 2908 888 2966 de
908 2910 999 2982 polus
1025 2908 1094 2966 labro
1123 2911 1243 2984 scripsit,
1352 2961 1356 2970 .

138 3023 253 3085 eumque
274 3027 335 3068 arm
355 3016 498 3088 septimam
519 3022 545 3072 et
563 3015 765 3087 sexagesimum
785 3031 889 3072 annam
907 3015 1029 3087 baberet
1054 3016 1243 3092 drmdatlpeai·

137 3133 210 3174 mam
230 3121 359 3176 annalem
379 3123 526 3194 conperisse
545 3121 627 3196 idque
643 3123 735 3194 ipsum
754 3121 876 3180 Ennmm
894 3125 923 3180 in
940 3124 1034 3182 eodem
1049 3124 1118 3180 libro
1139 3124 1241 3184 dicere.

138 3216 332 3283 Coniecturae
368 3224 497 3304 quidem,
526 3243 583 3286 non
616 3224 755 3286 librorum
790 3227 970 3305 auctoritati,
1005 3225 1129 3288 debetur
1159 3226 1241 3305 illud,

139 3329 215 3406 quod
238 3331 359 3410 scripsi,
391 3331 657 3412 duodeuigesimum
684 3332 832 3410 annalem,
863 3352 928 3394 cum
949 3331 1014 3396 libri
1034 3333 1099 3396 iere
1119 3335 1148 3396 in
1171 3335 1242 3397 duo·

138 3435 250 3498 decimo
273 3439 469 3510 consentiant;
497 3459 553 3502 nec
572 3438 657 3501 dubia
679 3439 841 3501 emendatio
874 3441 1061 3521 respicienti,
1084 3459 1170 3522 qoam
1191 3461 1242 3524 pa·

138 3561 198 3602 rum
227 3543 381 3623 probabile
407 3549 460 3624 sit,
491 3548 583 3610 tribus
611 3549 692 3608 annis
714 3549 762 3628 qtni
784 3549 862 3609 uitae
888 3551 1028 3628 postremi
1050 3560 1132 3612 erant
1155 3550 1244 3630 (obiit

139 3651 211 3708 enim
233 3655 473 3730 septuagenarius
497 3672 572 3716 anno
592 3654 628 3716 ab
645 3675 672 3716 u.
690 3675 715 3716 c.
734 3655 813 3736 585)
835 3663 952 3736 poetam
974 3675 1030 3718 sex
1052 3657 1143 3720 libros
1165 3657 1242 3720 baud

138 3755 175 3815 ita
198 3765 322 3834 angusto
345 3759 451 3821 ambitu
471 3763 685 3842 composuisse.

181 3861 183 3866 ’
221 3861 267 3924 De
295 3881 414 3926 numero
443 3885 594 3946 uersuum,
623 3878 693 3948 quot
713 3869 819 3947 singuli
840 3869 905 3931 libri
926 3871 1134 3947 continuerint,
1165 3871 1242 3951 peri·

139 3968 268 4030 oulosum
293 3981 337 4032 est
369 3973 476 4053 aliquid
501 3975 581 4037 uelle
611 3985 748 4038 statuere.
800 3976 1004 4060 Amplissimos
1030 3977 1122 4039 luisse
1149 3978 1240 4042 libros

138 4078 305 4139 tractandae
330 4081 469 4143 materiae
491 4080 610 4143 ubertas
633 4083 755 4144 indicat:
785 4102 819 4146 ac
846 4085 996 4149 breuitatis
1019 4083 1142 4146 studium
1170 4086 1241 4148 alie·

138 4201 202 4244 num
230 4195 292 4246 erat
316 4193 346 4246 et
375 4205 391 4248 a
414 4189 545 4250 carminis
566 4207 679 4268 genere
701 4199 731 4251 et
753 4199 784 4251 ut
806 4209 822 4251 e
845 4191 1025 4271 longioribus
1048 4211 1124 4272 quae
1152 4213 1242 4275 super

138 4300 202 4351 sunt
223 4292 392 4371 fragmentis
415 4296 565 4377 dispicitur
589 4315 605 4358 a
624 4305 723 4377 poeta.
768 4297 991 4358 Verumtamen
1018 4301 1042 4360 si
1068 4301 1139 4362 licet
1160 4303 1188 4362 in
1207 4321 1240 4364 re

138 4396 262 4460 obscura
284 4401 451 4465 coniectura
464 4403 582 4482 ludere,
605 4421 680 4485 quae
702 4422 766 4474 cam
784 4421 868 4484 qoam
888 4406 981 4465 animo
1003 4407 1155 4471 intormaui
1177 4428 1240 4470 car·

985 4514 1002 4569 b
1015 4514 1030 4544 Ι
