2984 5032
246 455 346 504 LXXII
658 437 967 509 QVAESTIONES

248 610 441 671 Romanorum
465 615 560 666 castra
580 607 716 683 impetum
734 605 868 680 fecerint,
890 623 1034 666 armorum
1048 605 1236 682 hostiumque
1256 602 1376 662 oblitos

248 714 360 793 epulari
389 715 542 791 coepisse,
576 722 605 772 et
624 722 654 770 ut
676 710 779 788 quibus
808 712 938 769 insuetus
968 710 1119 770 liberalior
1146 713 1246 770 uictus
1274 717 1374 783 esset,

247 819 358 878 auidius
388 819 455 876 nino
485 817 610 894 ciboque
641 833 766 894 corpora
788 833 938 876 onerasse.
979 816 1017 874 At
1040 816 1106 876 milri
1128 815 1157 872 in
1172 814 1216 874 bis
1232 815 1376 874 maxime

247 923 335 983 rebus
365 929 472 1000 potitae
498 921 589 982 danda
619 939 685 980 esse
708 921 825 980 licentia
853 922 994 998 quaedam
1018 922 1131 981 uidetur
1154 920 1299 979 simodo
1326 927 1374 976 est

246 1025 378 1088 licentia:
405 1045 501 1106 neque
525 1045 582 1104 eqo
605 1029 670 1088 hinc
692 1029 793 1087 eiciam
823 1045 941 1102 uersus,
967 1028 1146 1105 quantumuis
1168 1024 1271 1085 Liuius
1305 1025 1373 1084 nnl-

247 1133 303 1194 lam
325 1133 488 1211 crapulam,
512 1152 595 1211 quam
617 1135 653 1193 ad
668 1133 742 1194 banc
764 1139 875 1211 partem
898 1134 1030 1192 carminis
1053 1131 1168 1208 trahas,
1191 1131 1370 1209 perhibeat.

247 1238 343 1300 Potuit
365 1247 459 1298 autem
486 1240 544 1299 illis
576 1259 612 1298 ex
634 1241 753 1298 incertis
782 1239 913 1316 fragmen
937 1238 1054 1317 aliquod
1070 1238 1119 1312 de
1143 1240 1282 1298 conuiuio
1314 1238 1369 1298 de·

247 1352 424 1422 promptum:
457 1356 569 1405 certant
601 1357 729 1404 era‘eras
762 1351 865 1406 ahenos
896 1346 974 1423 (inc.
1002 1345 1064 1404 sed.
1089 1343 1135 1422 L)
1167 1347 1369 1423 praemissum

249 1466 327 1508 esse.

331 1553 414 1614 Duos
437 1555 484 1632 qui
499 1556 666 1615 insecuntur
682 1556 800 1616 annales
815 1564 932 1634 poetam
949 1558 976 1615 in
992 1556 1099 1616 bello
1115 1556 1334 1616 Antiochen
1345 1573 1365 1613 o

246 1659 414 1737 inpendisse
436 1677 499 1722 oum
520 1664 714 1740 progrediens
738 1663 873 1740 paulatim
901 1664 1026 1722 narratio
1050 1664 1166 1738 exigat,
1190 1671 1247 1720 tum
1276 1679 1363 1720 com·

247 1766 380 1824 mendant
402 1769 560 1845 praecipue
580 1778 660 1827 certa
682 1767 868 1845 reliquiarum
889 1770 1004 1830 indicia.
1041 1769 1086 1828 Ac
1109 1768 1269 1829 decimus
1292 1767 1361 1843 qui·

246 1871 312 1929 dem
348 1871 483 1929 tertius
517 1872 660 1932 annalis
696 1876 724 1932 in
759 1874 897 1951 adparatu
925 1875 997 1934 belli
1027 1883 1160 1934 uersatus
1196 1881 1250 1930 est.
1294 1872 1357 1930 De·

246 1976 380 2052 pinxerat
409 1983 496 2053 poe'ta
526 1976 734 2054 Romanorum,
763 1990 885 2058 accepta
910 1981 973 2039 eius
1001 1956 1073 2038 belli
1098 1979 1191 2054 lama,
1215 1997 1356 2058 pauorem

246 2099 281 2140 ac
299 2081 495 2141 formidinem:
520 2100 603 2159 quam
616 2082 712 2142 Liuius
729 2089 820 2163 tangit
839 2086 949 2146 XXXV
964 2083 1018 2145 23:
1040 2095 1162 2145 ceteram
1184 2105 1215 2146 eo
1236 2096 1356 2160 tempore

246 2193 335 2246 minae
352 2207 386 2247 ea
407 2192 478 2246 bella
498 2207 569 2262 qaae
590 2193 758 2263 parebantnr
776 2213 862 2252 carae
878 2195 1008 2269 patribus
1026 2202 1108 2250 erant
1125 2213 1208 2267 qnam
1224 2201 1352 2267 experta-

247 2298 281 2352 tio
303 2297 423 2352 nondam
441 2299 530 2367 coepti
550 2313 611 2351 eam
628 2297 760 2354 Antiocho
782 2300 850 2356 belli.
896 2298 989 2370 Quem
1010 2313 1149 2374 pauorem
1171 2316 1206 2356 ea
1227 2315 1274 2356 res
1296 2315 1350 2354 ma·

247 2399 323 2457 xime
352 2399 485 2472 adauxit,
516 2398 592 2475 quod
615 2397 806 2476 Antiochum,
840 2420 925 2480 quem
943 2402 1164 2480 Hellespontum
1185 2421 1248 2461 cum
1270 2420 1349 2462 exer·

249 2503 307 2562 citu
335 2505 475 2563 transisse
505 2505 667 2564 rumoribus
697 2505 822 2565 adlatum
847 2518 909 2568 erat
942 2509 1053 2585 (Liuius
1076 2510 1094 2569 l.
1119 2508 1181 2586 l),
1212 2516 1350 2585 tamquam

248 2609 370 2669 alterum
391 2608 520 2668 Xerxem
548 2609 736 2670 aduenturum
760 2614 1004 2674 extimescebant:
1030 2615 1058 2674 id
1082 2614 1159 2693 quod
1184 2611 1287 2672 Florus
1310 2621 1350 2670 te-

248 2721 339 2771 statur
368 2712 397 2790 (l
424 2712 464 2772 24
495 2730 523 2791 ρ.
551 2714 591 2774 43
620 2713 740 2795 Jahn.):
774 2739 830 2776 non
857 2725 934 2779 alind
956 2726 1163 2797 formidolosius
1189 2722 1270 2794 famo
1297 2722 1346 2776 bei-

246 2823 301 2877 lum
315 2822 384 2893 soit.-
405 2827 507 2897 quippe
525 2841 587 2880 eam
603 2827 708 2880 Persas
729 2832 756 2881 et
775 2830 915 2899 orientem,
935 2831 1055 2886 Xerxen
1074 2837 1156 2903 atque
1169 2828 1287 2882 Darium
1307 2843 1350 2880 eo·

245 2930 377 2999 pliorem,
399 2930 508 3000 wando
526 2930 654 3002 perfossi
669 2933 737 2986 inaii
754 2938 872 2999 montes,
906 2935 1017 3007 qteando
1038 2936 1107 2990 nelis
1127 2940 1253 3005 opertam
1270 2946 1349 2986 more

245 3034 434 3088 nuntiaretur.-
457 3035 496 3088 od
508 3035 559 3090 boe
582 3037 711 3090 coelestes
732 3039 824 3092 minoe
844 3039 1014 3104 territabant,
1038 3056 1100 3095 eum
1116 3054 1212 3094 amore
1226 3041 1347 3094 continuo

246 3138 385 3194 Cumanus
395 3141 492 3211 Apollo
514 3143 637 3198 sudaret.
678 3136 775 3214 Atque
791 3139 817 3196 el
832 3139 875 3197 rei
891 3143 1027 3199 conuenit
1049 3140 1132 3198 Ennii
1153 3159 1256 3199 uersus
1277 3147 1349 3216 isque

245 3243 419 3314 Hellesponto
443 3254 555 3317 pontem
583 3249 720 3302 contendit
745 3250 774 3302 in
801 3249 856 3304 olto
885 3243 942 3324 (ll)
972 3245 1047 3305 haud
1075 3246 1160 3305 dubie
1189 3245 1245 3304 hac
1265 3263 1346 3304 occa·

246 3347 328 3404 sione
357 3346 460 3404 editus.
505 3347 627 3407 Praeter
648 3350 738 3408 minas
762 3357 857 3412 autem
880 3350 1027 3409 caelestes
1050 3351 1105 3427 (ci.
1128 3350 1223 3410 Liuius
1243 3349 1348 3410 XXXV

248 3447 304 3526 21)
329 3449 405 3525 apud
435 3448 555 3508 Ennium
582 3451 708 3512 fortasse
737 3463 821 3513 uates
854 3455 957 3533 aliquis
987 3457 1190 3535 inpendentem
1220 3475 1236 3516 e
1265 3456 1346 3530 Syria

246 3562 446 3631 tempestatem
470 3556 664 3631 praedixerat.
710 3555 818 3620 Gontra
841 3579 927 3638 quem
950 3561 1128 3638 nescioquis
1149 3579 1206 3622 non
1226 3571 1281 3620 tam
1301 3579 1345 3619 ua·

244 3670 302 3719 tum
325 3659 542 3736 hariolationes‚
567 3679 637 3738 quas
658 3681 694 3722 ne
716 3667 744 3723 in
765 3676 860 3727 aetate
883 3664 997 3741 quidem
1018 3667 1130 3742 agenda
1152 3669 1222 3728 satis
1246 3685 1346 3726 uerare

245 3767 384 3844 adpareat
407 3765 469 3844 (1),
500 3785 583 3845 quam
607 3770 699 3847 ipsam
728 3789 824 3830 rerum
848 3770 1042 3830 conditionem
1066 3774 1254 3851 spectandam
1282 3791 1345 3832 esse

245 3872 372 3932 adlirmat
390 3870 471 3951 (lll).
503 3870 548 3932 Gi.
562 3873 645 3933 Ennii
659 3875 825 3935 Telamonis
840 3875 876 3933 ir.
889 3874 924 3933 ll.
961 3874 1219 3952 Fragmentule
1236 3877 1345 3938 discidii

188 4012 190 4018 r
245 3977 391 4036 cuiusdam
411 3976 585 4036 Antiochum
609 3979 683 4038 inter
714 3989 743 4038 et
764 3980 952 4039 Hannibalem
975 3984 1030 4040 orti
1052 3983 1185 4042 indicium
1209 3987 1344 4044 continet.

244 4078 326 4138 lnitio
353 4082 468 4159 quidem
497 4093 593 4142 notum
625 4093 669 4142 est
699 4084 871 4145 Antiochum
898 4086 934 4145 ab
967 4087 1127 4149 Hannibale
1158 4093 1280 4150 maxime
1310 4090 1344 4148 ad

243 4185 305 4242 eius
331 4185 402 4244 belli
432 4189 577 4265 inceptum
603 4189 776 4250 stimulatum
799 4209 877 4250 esse.
923 4189 968 4250 Gi.
991 4193 1088 4252 Liuius
1115 4194 1224 4254 XXXV
1251 4197 1288 4255 to
1318 4205 1346 4254 et

244 4287 276 4350 F.
298 4287 426 4351 hitterus
439 4290 560 4372 Ephem.
579 4296 668 4375 antiq.
687 4294 812 4356 Darmst.
833 4315 859 4355 a.
879 4297 958 4358 1840
974 4318 1001 4377 p.
1016 4298 1078 4360 382
1094 4320 1139 4380 sq.
1191 4299 1247 4374 Qui
1268 4301 1345 4382 quod
