2984 5032
260 450 335 496 nxrr
664 443 973 510 QVAESTloiiES

257 621 379 682 qnorum
406 603 633 679 fragmentorum
656 621 720 663 cum
747 604 819 665 illud
848 607 950 666 incerti
976 610 1099 668 nominis
1121 610 1174 685 sit,
1200 612 1363 670 sententiae

258 711 437 770 concinnitas
460 709 566 783 suasit,
589 718 619 767 ut
641 710 726 768 alteri
747 711 775 768 in
797 702 884 770 nudus
909 715 1046 774 enuntiati
1069 716 1253 793 complexum
1277 733 1364 792 prae·

258 815 406 890 ligaretur.
462 815 521 874 Sed
555 815 585 874 iri
620 832 722 874 uersus
755 832 820 874 oum
851 815 983 893 Vergilio
1018 817 1166 880 obuersati
1199 821 1364 895 uideantur,

258 918 335 996 apud
357 936 443 995 quem
475 918 612 996 (AemX
638 921 692 999 11)
720 921 851 998 Iuppiter
880 926 1007 982 adunat
1039 923 1130 999 inquit
1162 917 1261 982 iustam
1287 943 1365 997 pup-

256 1043 326 1096 uae,
361 1044 396 1082 ue
422 1032 567 1097 arcessite,
593 1035 713 1100 tempus,
743 1031 809 1086 Cam
828 1031 895 1102 fera
924 1029 1061 1101 Caribnpo
1091 1029 1225 1086 Romum's
1252 1030 1367 1084 arcibus

258 1135 320 1186 oiim
348 1135 470 1189 Eccitium
497 1148 626 1204 maenum
650 1140 730 1204 utque
750 1134 835 1205 Alpes
862 1137 975 1188 inmittet
1000 1139 1123 1204 apertas.
1177 1134 1256 1188 Tum
1283 1148 1365 1187 cer-

259 1239 465 1307 tarcodius,
487 1243 555 1292 tum
579 1250 641 1290 res
662 1239 830 1307 rapuisse
852 1238 983 1306 licebit,
1013 1234 1080 1294 inde
1107 1233 1287 1293 coniciebam
1310 1249 1367 1292 eos

259 1340 315 1416 ipsi
336 1337 502 1398 Hannibalis
523 1334 624 1394 Italiae
647 1337 792 1412 ingressui
816 1339 994 1415 praemissos
1019 1338 1121 1400 fuisse.
1172 1334 1225 1396 Gui
1248 1336 1366 1415 quidem

259 1444 390 1502 transitui
422 1440 497 1502 lraud
530 1440 592 1498 scio
626 1456 661 1498 an
693 1440 741 1499 liic
770 1459 874 1502 uersus
907 1443 1060 1501 conueniat
1085 1446 1212 1514 uiresque
1240 1445 1367 1498 ualentes

260 1553 385 1608 Contudit
404 1550 524 1604 crudelia
542 1547 648 1619 hiemps
670 1545 741 1620 (inc.
766 1547 829 1606 sed.
853 1545 989 1625 XXXII).

344 1652 441 1728 Pugna
468 1648 504 1707 ad
527 1646 732 1708 Trasumenum
762 1653 862 1710 nescio
890 1670 924 1711 an
949 1651 1007 1710 hoo
1027 1648 1152 1708 frnstnlo
1182 1647 1364 1723 sIgnilioetnr

259 1761 348 1816 Poeni
366 1776 430 1816 suos
453 1759 524 1812 soliti
539 1757 581 1812 dis
595 1760 761 1827 sacrificare
774 1761 883 1830 puellos
907 1754 994 1832 (IV):
1031 1771 1095 1814 oum
1125 1754 1201 1812 enim
1222 1749 1365 1812 IIannibal

236 1837 239 1844 ¹
261 1862 297 1921 ad
319 1861 376 1920 boc
397 1857 540 1936 proelium
559 1874 592 1916 se
615 1857 801 1934 adaugeret,
825 1860 928 1919 adsunt
941 1858 1116 1936 Carthagine
1139 1857 1219 1916 missi
1242 1858 1290 1934 qui
1312 1857 1364 1916 dn·

261 1968 303 2026 cis
324 1973 442 2042 gnatum
468 1963 512 2022 dis
533 1963 752 2022 sacrificandum
780 1973 948 2042 poscerent.
992 1964 1116 2024 Rettulit
1144 1981 1209 2023 eam
1234 1982 1296 2022 rem
1319 1963 1364 2022 si-

260 2072 315 2130 lius
338 2069 377 2128 IV
400 2069 460 2128 765
494 2087 557 2128 ecce
584 2079 674 2127 autem
694 2080 794 2144 putres
821 2075 942 2130 aderunt
967 2075 1134 2146 Cartbapine
1155 2077 1232 2128 missi
1256 2070 1364 2146 (Causa

260 2184 324 2236 uiae
343 2196 398 2234 non
417 2193 512 2248 parua
528 2176 612 2249 uires)
628 2193 680 2232 nec
701 2179 774 2232 iacta
793 2177 931 2248 serebant.
956 2179 1019 2236 Mos
1039 2178 1094 2249 fait
1114 2181 1142 2234 in
1151 2181 1273 2250 populis,
1297 2192 1365 2249 quos

261 2286 381 2340 condidit
401 2285 511 2338 aduena
532 2281 622 2352 Dido,
645 2280 766 2338 Poscere
789 2284 873 2338 coede
894 2285 960 2338 deos
980 2285 1104 2351 ueniam,
1127 2300 1162 2338 ac
1180 2283 1364 2354 flaprantibus

261 2393 321 2446 aris
344 2384 514 2462 (Infandum
528 2383 631 2459 dietat)
649 2401 789 2456 paruos
810 2389 984 2458 inponere
1003 2393 1106 2442 natos
1128 2426 1211 2442 ....
1236 2387 1287 2442 Oui
1301 2387 1362 2457 fato

260 2497 381 2564 sortique
404 2493 485 2546 deum
507 2491 637 2545 demere
653 2492 765 2561 petebat
782 2491 947 2546 Hannibalis
964 2494 1070 2562 prolem
1091 2493 1197 2548 ducors
1218 2494 1363 2562 antiquitus

262 2601 374 2654 Hanno.
420 2590 502 2663 Quae
522 2592 547 2650 si
570 2589 606 2650 ab
625 2590 718 2650 Ennio
741 2600 863 2670 utputo
886 2609 943 2652 non
972 2593 1119 2668 aluerunt,
1148 2591 1290 2652 credibile
1318 2599 1362 2650 est

261 2698 317 2756 bac
344 2698 502 2756 occasione
529 2713 638 2756 morem
669 2696 748 2754 illum
776 2697 939 2756 Poenorum
970 2697 1087 2776 puellos
1111 2699 1155 2757 dis
1183 2696 1363 2756 sacrificandi

260 2811 447 2862 memoratum
469 2800 569 2860 inisse.

347 2905 517 2966 Ceterarum
539 2905 726 2982 reliquiarum
757 2923 825 2983 pars
854 2906 976 2966 maxima
1003 2907 1085 2985 (inde
1108 2927 1125 2967 a
1147 2905 1187 2964 VI
1209 2925 1303 2984 usqne
1326 2906 1363 2966 ad

260 3014 344 3094 XIX)
368 3015 404 3074 ad
431 3009 543 3071 cladem
564 3006 763 3085 Cannensem,
793 3011 897 3088 inqua
919 3009 1040 3071 Ennium
1063 3011 1217 3088 probabile
1240 3021 1285 3070 est
1307 3027 1363 3070 nou

261 3138 351 3198 parce
378 3124 525 3176 uersatum
553 3133 639 3190 esse,
666 3115 813 3193 pertinuit.
856 3115 928 3174 Post
949 3125 1009 3175 tres
1038 3116 1138 3177 clades
1161 3116 1283 3176 Romani
1302 3136 1363 3176 ror·

262 3243 311 3284 sos
339 3223 410 3284 belli
433 3219 593 3299 periculum
614 3221 780 3297 temptaturi
801 3223 916 3296 socios,
945 3221 1022 3281 inter
1052 3239 1126 3300 quos
1155 3221 1259 3297 Marsi,
1294 3223 1363 3282 Pae·

260 3331 341 3407 ligni,
354 3328 466 3388 VestIni
481 3326 565 3404 (vi),
582 3327 707 3404 nudique
723 3335 883 3387 arcessunt.
908 3324 969 3384 Hac
988 3327 1062 3384 enim
1077 3326 1294 3403 opportunitate
1309 3327 1363 3386 bos

261 3433 399 3512 populos,
424 3432 472 3510 qni
487 3431 604 3507 saepius
620 3431 765 3490 coniuncti
780 3431 856 3508 apud
872 3431 1033 3508 scriptores
1047 3441 1203 3492 occurrunt
1225 3433 1281 3511 (ci.
1296 3432 1363 3492 Nie-

263 3538 381 3597 bnlrrins
394 3536 467 3596 IIist.
481 3534 564 3618 Rom.
577 3534 591 3595 1
607 3535 694 3614 112),
717 3537 803 3595 etiam
819 3536 918 3610 Sillae,
939 3554 1024 3613 quem
1037 3539 1160 3596 maxime
1173 3539 1202 3596 in
1213 3538 1268 3596 hac
1282 3545 1363 3615 parte

261 3643 432 3703 narrationis
454 3656 579 3716 sequor,
605 3640 841 3699 commemorauit
862 3638 930 3698 VIII
951 3640 1012 3699 497
1033 3651 1063 3699 at
1074 3645 1200 3702 Marsica
1219 3647 1307 3718 pubes
1323 3677 1364 3686 -

261 3751 484 3822 -coniuupitar
504 3763 572 3803 acer
586 3747 735 3820 Paelipuus
747 3752 888 3823 calidoque
902 3751 978 3819 rapit
992 3749 1121 3806 Salmone
1130 3752 1254 3807 cobortes
1269 3746 1362 3826 (512)

260 3885 303 3896 -
322 3881 369 3920 -2
382 3853 461 3908 baud
486 3855 541 3908 aiio
569 3855 656 3908 leuior
682 3853 757 3907 bellis
789 3853 899 3908 Vestina
933 3855 1060 3910 iuuentus
1092 3855 1207 3926 demina
1241 3857 1366 3910 deuouit

262 3954 369 4031 (517).
405 3952 579 4012 ¹Adueninut
607 3953 712 4028 copiae
744 3950 839 4029 (Vll).
883 3951 1045 4012 Varronem
1071 3954 1107 4014 ad
1136 3955 1279 4033 proelium
1306 3955 1364 4015 ier·

260 4059 326 4118 nida
349 4058 514 4118 temeritate
533 4065 720 4134 proruentem
745 4056 849 4115 Paulus
871 4057 967 4118 studet
990 4075 1111 4118 arcere:
1144 4061 1208 4136 quis
1234 4061 1310 4118 eninr
1337 4059 1365 4117 ln

260 4159 305 4219 liis
321 4181 451 4235 praecoce
474 4184 572 4238 pupuu
594 4171 635 4220 est
655 4159 754 4240 (VIII)
780 4170 809 4220 et
830 4172 938 4221 certare
962 4167 1082 4222 abnueo:
1106 4174 1194 4222 meiuo
1219 4168 1366 4238 Iepionibus

260 4268 346 4322 tabern
370 4265 442 4343 (IX)
462 4283 519 4325 non
538 4274 680 4341 agnoscat
704 4265 783 4325 Pauli
804 4266 978 4328 laudabilem
999 4284 1098 4337 curam
1120 4285 1156 4327 ac
1178 4263 1364 4326 cantionem?
