2984 5032
207 445 245 491 Vl
294 519 297 530 ,
638 432 892 492 PRAEFATIO

209 597 371 679 Delrio,
406 597 655 678 Scriuerius,
683 595 872 680 Vossius,
903 619 1021 683 nuper,
1053 596 1117 664 hoc
1145 602 1195 664 est
1224 600 1322 664 trium

211 715 281 780 fere
308 717 512 782 saeculorum
542 712 731 797 interuallo,
765 714 942 780 Bothius
971 718 1151 783 studiosam
1180 718 1238 783 sed
1266 739 1322 805 pa-

206 807 282 898 rum
311 855 331 898 a
358 834 423 899 fide
452 842 484 899 et
511 854 719 898 numerorum
747 833 895 899 doctrina
922 833 1091 900 subtiliore
1120 836 1323 902 commenda-

210 952 310 1016 bilem
336 974 468 1040 0peram
494 951 724 1036 adhibuerunt,
768 951 914 1017 Annales
937 961 1045 1018 autem
1066 953 1184 1019 edendi
1212 977 1324 1020 curam

212 1069 368 1135 Merula
389 1071 547 1158 suscepit,
574 1070 764 1155 ingeniosus
783 1069 945 1136 Batauus:
976 1071 1035 1136 sed
1056 1072 1192 1136 nimium
1218 1071 1323 1136 indul-

212 1211 293 1274 gens
314 1189 448 1274 ingenio
478 1210 540 1255 nec
566 1187 791 1254 emendatione
812 1187 936 1276 profuit
956 1189 1136 1274 insignius,
1164 1212 1226 1255 nec
1253 1189 1324 1254 feli-

212 1307 282 1372 cius
304 1307 580 1393 fragmentorum,
602 1309 896 1396 quampraecipue
918 1307 1053 1394 agebat,
1078 1307 1324 1396 dispositionem

212 1425 364 1490 instituit.
409 1424 474 1506 Qui
503 1447 544 1490 ne
573 1427 742 1514 perspexit
769 1425 915 1513 quidem,
945 1447 1026 1513 quos
1047 1426 1129 1492 fines
1151 1426 1228 1492 huic
1250 1447 1324 1491 con-

212 1543 362 1610 iecturali
388 1545 515 1611 critices
541 1546 656 1632 generi
689 1546 761 1632 ipsa
788 1552 905 1610 natura
934 1567 1044 1611 rerum
1073 1544 1250 1632 praefigat:
1290 1545 1327 1608 in

213 1684 277 1749 quo
296 1669 417 1747 genere
436 1662 620 1729 hariolandi
642 1685 682 1728 ac
697 1673 819 1729 temere
841 1663 1150 1751 opinandi‘uberior
1162 1663 1326 1745 materies,

214 1783 388 1848 seueritate
421 1781 671 1866 argumentandi
699 1791 755 1846 aut
782 1782 945 1847 rationum
958 1783 1167 1870 'necessitate
1192 1780 1326 1869 probari

212 1919 318 1986 pauca
348 1899 485 1986 possint.
535 1899 631 1964 Vnde
654 1899 815 1965 Merulam
847 1922 913 1964 non
942 1923 1016 1966 eum
1043 1900 1147 1966 fuisse
1181 1907 1325 1987 apparet,

215 2019 307 2083 ouius
332 2017 507 2104 praecipue
528 2017 678 2102 uestigiis
698 2018 804 2084 editor
825 2018 991 2082 annalium
1014 2018 1176 2086 recentior
1198 2017 1326 2081 insiste-

214 2143 280 2203 ret:
315 2143 347 2199 et
373 2143 483 2199 tamen
513 2135 582 2200 eius
613 2137 798 2202 auctoritati
827 2159 862 2202 se
891 2136 1033 2220 addixit,
1064 2136 1120 2224 qui
1147 2135 1326 2201 nouissime

214 2252 348 2318 annales
376 2252 542 2338 Lipsiae
572 2253 689 2338 edidit,
722 2255 780 2320 sed
806 2256 853 2320 ita
880 2254 998 2338 edidit,
1031 2253 1101 2319 fere
1123 2262 1159 2319 ut
1179 2253 1327 2321 Merulae

213 2374 332 2439 librum
353 2370 603 2438 exscribendum
623 2374 730 2460 operis
751 2372 926 2440 tradidisse
946 2373 1124 2438 uideretur.
1168 2372 1327 2459 Propriae

214 2491 279 2556 sibi
308 2491 393 2556 dotis
420 2489 483 2553 hoo
508 2497 618 2554 tamen
646 2491 751 2556 editor
779 2493 961 2578 Lipsiensis
987 2489 1102 2573 habet,
1129 2491 1218 2578 quod
1244 2511 1326 2574 eam,

213 2632 298 2701 quae
318 2607 361 2674 ab
383 2607 512 2672 Merula
531 2607 669 2694 prodiit,
698 2611 946 2698 dispositionem
965 2607 1132 2674 annalium
1154 2609 1326 2697 suppleuit,

211 2737 303 2794 tanto
325 2729 360 2791 ni
383 2726 501 2790 mirum
520 2748 689 2813 successu,
719 2731 779 2794 uix
799 2738 836 2794 ut
855 2728 916 2794 ulli
939 2728 1079 2794 frustulo
1104 2728 1270 2794 minutiori
1292 2729 1332 2798 in.

213 2855 341 2913 retexta
368 2845 521 2910 carminis
548 2844 615 2910 tela
642 2848 754 2914 sedem
782 2870 848 2914 non
878 2848 1086 2915 concederet:
1123 2821 1218 2933 quasi
1246 2847 1326 2929 eius,

212 2968 269 3055 qui
292 2964 454 3052 deperditi
480 2965 648 3051 scriptoris
670 2965 854 3050 fragmenta
875 2965 957 3050 edit,
986 2965 1068 3030 haec
1088 2966 1132 3029 sit
1151 2965 1328 3054 praecipua

212 3087 300 3169 laus,
324 3106 366 3148 ne
387 3081 467 3169 quid
484 3083 644 3148 incertum
668 3083 731 3148 sibi
754 3093 810 3149 aut
832 3083 1006 3150 obscurum
1027 3083 1178 3150 fateatur.

296 3202 411 3288 Itaque
426 3199 668 3286 patebathaec,
691 3202 726 3267 in
747 3223 812 3290 qua
833 3224 912 3266 cum·
929 3201 1038 3266 fructu
1058 3202 1239 3270 litterarum
1260 3224 1327 3269 nou

212 3321 304 3387 tenui
332 3317 500 3384 elaborare
528 3318 688 3384 uidereris
695 3370 704 3405 ,
737 3320 923 3407 prouincia:
954 3321 1014 3386 sed
1041 3343 1113 3386 eam
1141 3322 1197 3387 diu
1229 3322 1327 3388 desti-

212 3448 315 3504 tutam
345 3437 457 3501 nescio
490 3458 554 3524 quo
589 3447 685 3526 pacto
718 3460 814 3503 nemo
842 3438 999 3505 obtinuit:
1033 3462 1095 3506 nec
1123 3461 1184 3526 ego
1211 3448 1249 3505 ut
1275 3461 1327 3505 ac-

213 3557 384 3637 cesserim,
432 3554 495 3620 hoo
532 3578 604 3622 meo
645 3555 750 3623 libero
787 3557 923 3624 consilio
961 3558 1100 3642 lactum,
1140 3567 1197 3624 aut
1240 3559 1328 3645 quod

213 3697 286 3741 mea
307 3697 360 3740 me
387 3674 495 3740 studia
519 3673 605 3741 ultro
629 3675 665 3740 in
691 3675 778 3742 hunc
800 3677 943 3742 maxime
971 3699 1121 3764 campum
1143 3678 1325 3751 duxissent.

212 3793 295 3862 Cum
323 3793 409 3858 enim
432 3793 624 3858 deuersarer
647 3794 683 3859 in
703 3795 801 3880 longe
834 3793 900 3858 alia
931 3795 1113 3862 litterarum
1142 3804 1327 3861 nostrarum
1384 3821 1386 3825 ·

210 3914 361 3999 regione,
403 3919 557 3978 autumno
587 3913 665 3978 anni
698 3934 903 3988 Olelocccffl
940 3914 1020 3982 ordo
1060 3913 1327 4002 philosophorum

211 4031 394 4096 Bonnensis
423 4031 464 4096 de
491 4031 600 4097 Ennio
627 4032 722 4098 iussit
749 4036 795 4100 ita
825 4035 962 4118 certari,
994 4043 1031 4099 ut
1060 4034 1257 4122 ‘praemissa
1285 4033 1326 4099 de

210 4158 325 4236 poetae
353 4149 439 4234 uita,
478 4159 549 4215 arte
584 4158 616 4215 et
645 4153 775 4239 scriptis
810 4153 1029 4242 disputatione
1059 4152 1129 4218 eius
1159 4151 1326 4218 annalium

210 4268 395 4354 fragmenta
422 4267 650 4352 emendentur,
686 4270 914 4359 disponantur,
952 4269 1189 4335 inlustrantur?
1234 4269 1326 4334 Adli-

95 4391 102 4398 '
212 4388 317 4455 ciente
344 4387 544 4480 quaestionis
569 4390 691 4476 gratia,
720 4412 803 4477 quae
830 4388 910 4455 mihi
939 4386 1129 4474 uidebatur,
1165 4397 1198 4454 et
1220 4387 1327 4456 laudis
