3112 5040
590 407 850 491 narraviss-

401 652 407 664 κ
664 575 756 646 XXII

258 731 703 755 ........
755 677 880 748 interea
902 677 960 748 on

259 786 385 903 Occidit
408 803 635 877 oceanumque
656 782 757 852 rubra
777 780 905 852 traoIIm
926 775 1035 849 obruit
1057 773 1180 846 aethra.

259 1006 429 1078 Charisius
449 1003 462 1073 I
486 1027 517 1095 p.
540 1012 599 1072 107
617 1002 654 1076 P.
683 1003 739 1094 (76
759 999 868 1090 Lind.)
903 996 1079 1066 ‘hebemz
1107 992 1270 1084 Caecilius

158 1111 191 1180 in
206 1104 485 1202 Ὑποβολιμαίῳε
511 1106 622 1177 subito
644 1128 699 1178 res
719 1105 857 1176 reddent
879 1100 1006 1172 hebem.
1041 1097 1167 1168 Ennius
1189 1097 1270 1166 XVI

158 1215 212 1283 ubi
235 1214 282 1284 Fi.
303 1213 427 1304 Caper:
453 1233 519 1280 non
537 1213 574 1278 ut
596 1209 804 1293 adiunctiuo,
830 1205 891 1278 sed
914 1201 1116 1295 appeliatiuo
1139 1208 1190 1270 est
1214 1201 1270 1270 lo-

158 1317 273 1386 cutus!
583 1323 584 1326 ’
805 1341 808 1348 ·

573 1507 734 1590 LIBER
765 1505 853 1590 XIII

262 1821 289 1890 It
312 1843 416 1914 eques
439 1767 472 1889 et
495 1819 615 1911 pIausu
632 1714 722 1887 ‘caui
744 1814 889 1886 concutit
908 1812 1037 1904 ungula
1057 1815 1188 1882 terram.

173 2045 235 2109 420
263 2038 346 2108 Tum
366 2062 452 2140 caua
471 2039 534 2108 sub
554 2035 676 2106 montei
695 1932 764 2206 iiie
785 2056 908 2125 specus
930 2023 1019 2105 intus
1041 2032 1183 2123 patebat.

490 2242 558 2312 dux
582 2242 654 2332 ipse
678 2239 751 2330 uias
763 2255 815 2325 cst·

263 2443 404 2514 ToIIItur
425 2445 459 2513 in
483 2444 611 2514 caelum
632 2343 758 2514 claririr
777 2445 915 2513 exortus
934 2439 1108 2532 utrimque.

195 2643 269 2692 XXII
287 2643 432 2693 Macrobius
450 2643 503 2693 Sat.
517 2645 553 2694 VI
568 2645 585 2694 4
603 2659 629 2709 p.
643 2646 694 2695 524
704 2643 760 2693 lan.
780 2647 820 2693 ‘et
835 2641 904 2705 quod
917 2641 997 2690 dixit:
1012 2655 1061 2689 nec
1074 2639 1175 2690 lucidus
1189 2640 1277 2690 aethra

89 2727 92 2738 ·
160 2711 272 2762 Siderea
283 2713 359 2778 polus
375 2713 450 2778 [Aen.
462 2714 496 2762 III
505 2712 571 2778 585]
587 2715 684 2763 Ennius
699 2715 769 2778 prior
782 2714 883 2762 discret
897 2712 923 2760 in
937 2719 1009 2760 sexto
1024 2710 1124 2759 decimo
1139 2711 1191 2762 ...⁹

194 2815 281 2864 Linus
294 2815 369 2864 XVII
405 2817 415 2863 I
435 2816 580 2865 Macrobius
597 2816 651 2866 Sat.
668 2816 730 2866 VIl
750 2833 777 2882 p.
793 2816 915 2868 suetan.
940 2813 1158 2878 ‘quadripedante
1175 2823 1276 2880 putrem

161 2885 246 2932 sonitu
265 2885 346 2946 quatit
358 2884 455 2950 ungula
468 2900 596 2950 campum.
624 2885 700 2950 [Aen.
713 2888 774 2936 VIII
786 2883 848 2949 596]
866 2885 963 2934 Ennius
980 2884 1006 2932 in
1021 2891 1107 2932 sexto:
1124 2881 1183 2946 [VII
1196 2884 1227 2934 ir.
1240 2883 1275 2950 V]

161 2951 230 3001 idem
251 2954 277 3002 in
297 2961 401 3017 octauo:
423 2953 495 3019 [vu]
515 2955 583 3004 idem
600 2957 627 3004 In
645 2956 754 3021 septimo
772 2955 871 3004 decimo
892 2954 944 3003 ...⁹
968 2953 1071 3019 (idem
1089 2953 1119 3000 in
1137 2956 1275 3018 septimo

161 3021 285 3072 decimo
411 3031 530 3073 terram
554 3038 604 3073 om.
625 3024 748 3090 Neap.).
792 3027 815 3074 II
842 3023 983 3088 Noniusp.
1005 3019 1120 3081 222‚33
1146 3026 1276 3088 ‘specus

106 3153 110 3158 .
160 3107 254 3156 genere
272 3093 412 3142 mascuIIno
429 3120 466 3148 ,—
486 3093 608 3142 feminino
627 3094 723 3144 Ennius
741 3093 871 3144 annalium
889 3092 935 3146 lib.
954 3092 1026 3141 XVII
1045 3091 1097 3138 ...⁹
1129 3091 1277 3141 Priscianus

160 3161 197 3209 VI
215 3176 241 3224 p.
257 3160 308 3212 713
327 3162 354 3210 P.
376 3162 402 3227 (Ι
420 3177 445 3228 p.
466 3162 518 3213 269
535 3160 581 3224 Κ.)
601 3162 758 3229 (specus)
778 3162 915 3212 ‘leminIno
932 3169 1017 3210 tamen
1035 3159 1084 3208 hoo
1102 3173 1195 3209 nomen
1214 3175 1276 3223 quo-

160 3244 210 3290 que
229 3231 357 3279 iuuenitur
377 3258 412 3266 -
433 3231 530 3280 Ennius
547 3231 573 3279 in
591 3231 665 3281 XVII
685 3232 814 3282 annalium
834 3232 886 3279 ...'
916 3229 1006 3279 Festus
1024 3243 1051 3293 p.
1067 3226 1120 3278 343
1133 3228 1167 3277 M.
1188 3232 1276 3294 ‘spe-

160 3313 216 3346 cus
236 3299 359 3350 Ieminino
378 3315 472 3365 genere
489 3301 687 3366 pronuntiabant
705 3302 820 3364 antiqui2
840 3307 868 3348 ul
887 3307 969 3349 melus
987 3306 1011 3347 et
1032 3311 1127 3362 nepos;
1151 3306 1203 3348 tam
1218 3299 1277 3348 her-

160 3367 231 3416 cules
250 3384 325 3430 quam
346 3370 489 3419 masculino
508 3371 585 3435 stirps
604 3379 628 3420 et
641 3371 726 3431 irone,
741 3381 769 3420 ut
781 3371 890 3420 Ennius:
909 3369 974 3417 lum'
995 3383 1017 3416 e.
1037 3383 1062 3430 q.
1081 3383 1102 3416 s.
1126 3366 1232 3418 Seruius
1250 3370 1277 3418 in

161 3437 226 3486 Aen.
242 3438 289 3486 VII
303 3437 353 3488 568
370 3438 427 3487 ‘hic
440 3454 533 3504 specus
544 3439 713 3490 horrendum:
733 3440 782 3492 hoc
795 3453 887 3490 nomen
902 3439 971 3506 apud
984 3437 1095 3487 maiores
1107 3438 1184 3488 lrium
1198 3453 1276 3504 gene·
1380 3488 1386 3502 ,

160 3520 217 3556 rum
240 3505 296 3553 fuit.
339 3507 435 3555 Ennius
459 3507 582 3556 feminino
607 3511 706 3574 posuit:
736 3510 794 3558 sub'
821 3525 843 3558 e.
868 3525 892 3570 q.
917 3523 938 3556 s.
1010 3507 1045 3554 III
1071 3507 1218 3556 Priscianus
1240 3507 1276 3556 VI

161 3589 189 3638 p.
204 3573 256 3624 ola
269 3575 297 3622 P.
313 3575 338 3639 (I
352 3591 378 3640 p.
392 3576 442 3624 221
458 3573 503 3638 K.)
523 3578 635 3641 ‘primae
650 3578 828 3628 decIInationis
840 3577 1019 3626 femininorum
1033 3577 1180 3640 genetiuum
1199 3577 1275 3625 etiam

161 3644 189 3702 in
208 3657 237 3690 as
249 3657 319 3692 more
329 3645 425 3692 Graeco
438 3644 554 3693 solebant
569 3646 740 3708 antiquissimi
754 3648 890 3695 terminare
901 3671 979 3680 --
995 3645 1093 3693 Ennius
1106 3646 1133 3693 in
1147 3643 1221 3694 XVII
1232 3659 1277 3693 an—

161 3711 215 3760 nali
232 3714 281 3760 ...’
353 3714 388 3762 IV
408 3712 552 3762 Macrobius
566 3713 619 3764 Sat.
634 3717 670 3765 VI
684 3716 697 3765 l
713 3730 740 3781 p.
750 3716 801 3766 500
811 3715 869 3764 Ian.
892 3712 1002 3762 ‘totlitur
1017 3714 1043 3761 in
1061 3715 1160 3763 caelum
1180 3713 1276 3764 clamor

167 3821 257 3912 Ι417
280 3855 345 3908 faxo
361 3852 461 3910 Sotira.
563 3860 617 3916 418
639 3857 730 3912 obruit
751 3857 867 3912 aumbra
882 3871 949 3912 aera
965 3853 1056 3927 Neup.
1141 3859 1195 3914 420
1220 3860 1278 3910 tum

162 3987 234 4026 caua
258 3973 386 4043 plerique
407 3971 557 4028 Prisciani.
579 3980 634 4028 tum
656 3943 728 4030 caira
741 3973 831 4028 Bern.
845 3979 901 4027 tum
924 3989 1012 4028 eausa
1022 3971 1131 4028 Festus.
1151 3987 1278 4028 concaua

163 4057 282 4122 Nonius,
298 4073 351 4112 om.
369 4057 484 4112 Seruius
570 4061 673 4112 monlei
690 4057 722 4114 0.
738 4057 898 4114 Muellerus.
921 4057 1023 4112 montis
1045 4055 1159 4110 Nouius.
1182 4063 1276 4111 monle
1366 4105 1369 4122 ,

161 4143 248 4194 celeri
332 4143 387 4198 late
400 4157 503 4213 specus
511 4143 640 4213 plerique
649 4143 798 4198 Priscs'uni.
811 4157 914 4211 specus
926 4143 981 4196 lale
993 4140 1082 4212 Lupcl.⁴
1094 4142 1160 4194 latet
1171 4157 1276 4210 specus

165 4225 280 4281 Nouius.
305 4228 359 4280 alte
380 4241 484 4297 specus
504 4227 612 4281 Festus.
634 4242 736 4298 specus
756 4224 975 4290 errassemus,
996 4226 1048 4279 rel.
1062 4241 1114 4280 om.
1203 4226 1276 4280 iuius

164 4309 241 4363 Festi
253 4311 314 4364 coll.
400 4313 511 4381 petebat
522 4310 598 4366 laud.
611 4311 695 4367 Nouii
796 4315 849 4369 sm
864 4311 969 4364 memor
983 4310 1052 4364 libri.
1066 4311 1175 4364 clamos
1189 4309 1278 4366 Loch-
