3112 5040
267 422 392 472 nxxxn
663 411 979 480 QVAESTIONES

269 577 424 638 Atellanae
445 575 620 653 adigebant.
670 575 698 636 ls
713 575 797 636 ludus
813 576 849 636 ab
869 575 954 634 Oscis
972 577 1106 634 iuuentus
1126 593 1190 634 cum
1207 575 1315 635 ceteris
1331 592 1372 632 re·

270 685 324 746 luas
338 682 497 742 consimilis
510 683 547 742 sit
564 691 690 756 saturae,
703 682 786 741 unius
801 691 895 740 tamen
908 682 1030 740 actionis
1046 680 1181 740 ambitum
1193 697 1251 739 nou
1262 681 1371 756 migrat.

271 787 316 848 ot.
330 787 426 848 Liuius
438 785 532 847 v112.
555 786 757 848 Nihilominus
773 786 821 844 ubi
833 784 943 846 Rornae
959 805 1085 864 regnare
1099 787 1276 846 Graecorum
1296 785 1372 845 labu-

268 893 317 954 lae
340 902 518 971 coeperunt,
541 904 655 954 saturae
677 901 706 952 et
732 890 886 952 Atellanae
907 893 1000 970 primo
1021 892 1226 968 neglegentius
1249 889 1372 965 habitae,

269 1000 336 1060 dein
359 1005 536 1058 euanueruut
559 996 595 1056 de
617 1014 716 1056 scena.
757 996 815 1056 Sed
838 1015 889 1056 eas
909 1007 1012 1074 postea
1036 997 1181 1075 ingeniosi
1205 1003 1313 1074 potitae
1339 1015 1374 1054 ex

270 1105 419 1166 obliuione
449 1102 603 1162 suscitatas
627 1102 731 1162 litteris
756 1119 833 1162 nouo
861 1103 970 1162 decore
997 1105 1152 1163 instructas
1179 1101 1373 1162 reddiderunt.

270 1208 424 1268 Atellanae
444 1216 553 1266 sortem
575 1209 713 1284 persequi
736 1207 774 1266 nil
798 1207 915 1268 attinet:
945 1225 961 1264 e
983 1216 1080 1266 satura
1102 1215 1197 1266 autem
1219 1208 1270 1268 illa
1293 1207 1376 1266 Ennii

269 1323 366 1376 satura
387 1313 494 1392 prodiit
508 1311 680 1387 lectoribus,
702 1328 759 1371 non
781 1330 889 1372 scenae
911 1313 1015 1372 dicata.
1061 1312 1125 1386 Qua
1142 1332 1175 1373 re
1197 1314 1267 1373 licet
1289 1321 1377 1392 poeta

267 1419 433 1480 resecuerit
460 1417 602 1496 quaedam
625 1417 729 1495 quibus
756 1436 845 1478 scena
867 1435 924 1477 uon
946 1426 1076 1492 careret,
1112 1421 1254 1496 originem
1281 1429 1378 1478 tamen

267 1525 414 1584 scenicam
433 1541 496 1582 cum
519 1522 602 1582 Ennii
625 1532 682 1582 tum
702 1525 897 1600 posteriorum
917 1524 1018 1602 poesis
1041 1524 1166 1582 saturica
1186 1524 1290 1602 prodit.
1320 1523 1378 1582 Vel

268 1631 464 1692 diuerbiorum
495 1629 676 1702 memineris,
707 1628 810 1706 quibus
841 1629 911 1688 nihil
937 1635 981 1686 est
1008 1628 1035 1684 in
1059 1637 1154 1688 satura
1184 1628 1375 1706 frequentius.

268 1736 363 1810 Quale
383 1733 454 1794 illud
476 1741 523 1792 est
543 1733 620 1810 quod
640 1732 832 1805 Quintilianus
852 1732 893 1792 lX
913 1733 949 1807 2,
976 1731 1016 1792 36
1035 1734 1121 1792 tradit
1139 1733 1260 1793 Ennium
1282 1736 1309 1793 in
1330 1753 1375 1793 sa-

267 1850 330 1900 tura
352 1827 475 1900 morte'm
503 1855 538 1898 ac
569 1839 654 1897 uitam
684 1838 894 1898 contendentes
917 1836 980 1908 (uel
1006 1839 1030 1895 si
1057 1836 1139 1897 libris
1160 1841 1270 1918 aliquot
1291 1840 1375 1898 iidem

267 1943 378 2004 habere
400 1942 483 2003 malis
512 1945 744 2022 consentientes)
776 1943 924 2002 induxisse
954 1940 1026 2018 (inc.
1052 1950 1105 2001 sat.
1132 1942 1197 2023 ΙΙΙ).
1244 1942 1289 2004 Gi.
1312 1947 1373 2006 Sat.

267 2047 308 2108 lll
334 2049 370 2110 ir.
387 2048 421 2115 ,l.
465 2049 594 2110 Indidem
613 2049 722 2109 Ennius
748 2049 909 2125 argumenti
938 2065 973 2106 ao
1000 2066 1183 2108 numerorum
1205 2053 1374 2110 uarietatem

267 2154 400 2230 repetiit:
423 2173 480 2232 qua
501 2173 565 2214 aum
583 2165 695 2214 saturas
715 2155 881 2214 distinxisse
893 2153 1051 2214 Diomedes
1068 2163 1189 2214 testatur
1204 2155 1244 2215 111
1262 2174 1291 2233 p.
1313 2153 1374 2216 482

267 2258 314 2320 P.:
333 2269 432 2320 sotera
451 2265 550 2320 dieitur
568 2281 682 2321 carmen
703 2267 780 2337 opud
798 2266 953 2329 Romanos,
976 2279 1031 2318 non
1053 2265 1131 2336 apud
1151 2265 1287 2334 (ἕναεεοε,
1314 2283 1372 2320 mo-

266 2368 380 2424 ledicom
400 2375 426 2424 et
448 2371 487 2424 ad
505 2371 649 2442 carpenda
670 2370 807 2426 bornicum
834 2371 900 2425 uitta
922 2368 1061 2423 cretaeae
1083 2372 1237 2427 comoediae
1258 2372 1373 2426 eborac-

267 2481 325 2530 tcre
345 2477 538 2546 compositum,
559 2478 641 2547 quale
660 2479 834 2548 compserunt
854 2477 975 2532 Lartius
997 2481 1023 2530 et
1042 2475 1179 2531 Horatius
1200 2485 1227 2534 et
1244 2479 1373 2534 Parcas.-

267 2585 297 2632 ot
314 2580 376 2634 olim
399 2594 513 2634 carmen
535 2583 609 2652 quod
632 2598 647 2637 e
670 2583 760 2638 coriis
781 2579 953 2651 poematibus
974 2584 1117 2637 constabat
1132 2589 1229 2639 sutura
1249 2586 1372 2641 nomano-

267 2683 363 2750 batnr,
392 2685 473 2754 pcata
498 2689 673 2758 scripserant
694 2686 837 2742 Pacuuius
866 2689 893 2739 et
910 2685 1032 2744 Ennius:
1061 2694 1090 2744 et
1111 2687 1180 2745 item
1199 2689 1314 2766 paulurn
1332 2689 1372 2746 iu·

266 2782 325 2842 ira:
347 2794 446 2844 saturo
461 2793 590 2846 carmena
610 2793 787 2847 multesima!
803 2797 829 2845 et
840 2793 971 2862 poemata
993 2797 1270 2868 comprehenduntur.
1313 2793 1375 2854 Neo

266 2899 362 2950 tamen
380 2890 501 2950 Ennium
528 2911 663 2952 numeros
693 2892 834 2953 credibile
871 2902 916 2953 est
948 2903 1059 2956 temere
1092 2899 1259 2958 miscuisse:
1290 2917 1373 2976 quern

267 3013 330 3054 cum
351 2997 482 3074 singulae
505 3007 636 3074 saturae,
660 3000 738 3076 quod
759 2999 917 3060 Diomedes
940 3000 1062 3076 iudicat,
1086 3004 1282 3082 compluribus
1302 3011 1373 3082 pot·

266 3099 389 3178 metibus
422 3112 602 3179 constarent,
637 3123 820 3164 numerorum
848 3108 1016 3168 uarietatem
1043 3108 1107 3168 lere
1139 3111 1174 3170 ad
1204 3112 1374 3170 uarietatem

268 3213 431 3284 poematum
457 3210 572 3270 rexisse
601 3213 732 3288 putarim.
784 3213 864 3273 luter
887 3213 1025 3290 reliquias
1051 3224 1210 3276 saturarum
1241 3225 1298 3276 tam
1324 3233 1373 3275 eas

266 3329 341 3388 quae
371 3315 437 3374 iude
471 3317 595 3374 citantur
625 3318 734 3377 diserte
755 3336 839 3396 quam
864 3335 939 3396 quae
968 3318 1006 3378 ibi
1030 3319 1175 3397 probabili
1207 3307 1374 3382 coniectura
1455 3335 1458 3340 '

266 3418 416 3478 conlocari
437 3421 586 3498 uidentur,
613 3442 677 3483 curn
699 3423 812 3484 iambici
833 3423 1032 3502 trochaicique
1055 3445 1158 3485 uersus
1181 3435 1239 3485 turn
1255 3427 1373 3486 Sotadei

265 3531 295 3582 et
306 3521 466 3586 hexametri
479 3526 616 3592 feruutur.
641 3529 736 3590 Variis
749 3509 844 3589 autem
857 3529 956 3588 metris
969 3549 1036 3590 suas
1052 3531 1178 3592 Lucilius
1193 3547 1310 3608 quoque
1328 3549 1373 3590 sa·

265 3636 342 3688 toras
357 3630 519 3708 inpertiuit:
533 3636 586 3695 sed
601 3645 696 3696 tamen
709 3637 736 3694 ei
749 3643 908 3696 saturarum
922 3637 996 3711 parti
1010 3655 1094 3715 quarn
1103 3638 1298 3716 posteriorem
1313 3637 1372 3696 edi·

265 3733 305 3808 dit
324 3755 408 3796 unum
427 3737 661 3802 hexametrorum
675 3759 823 3802 numerum
844 3739 981 3800 adhibuit.
1024 3738 1068 3800 Gi.
1090 3741 1286 3802 Lachmanuus
1309 3742 1370 3803 lnd.

189 3833 195 3841 “
265 3840 439 3902 leot.Berol.
454 3855 527 3906 aest.
541 3846 630 3908 1849.
649 3848 732 3908 Vnde
745 3854 851 3926 potitae
863 3847 1045 3925 posteriores
1059 3846 1194 3907 Horatius
1203 3848 1319 3906 Persius
1327 3845 1372 3904 lu-

139 4004 143 4011 .
210 4036 212 4039 7
266 3949 377 4008 uenalis
388 3965 446 4010 non
461 3950 525 4012 aliis
538 3952 566 4010 in
581 3955 686 4013 saturis
698 3963 784 4032 atque
801 3951 900 4011 herois
917 3952 1048 4012 uersibus
1065 3954 1109 4012 usi
1125 3961 1199 4012 sunt.
1226 3951 1306 4008 Vnus
1316 3947 1371 4008 Te-

265 4054 374 4114 reotius
385 4055 478 4115 Varro
491 4058 520 4116 iu
532 4058 636 4116 saturis
648 4056 811 4139 Menippeis
829 4077 893 4118 curn
908 4058 1066 4118 Ennianum
1077 4073 1260 4118 numerorum
1278 4054 1371 4114 uarie·

265 4163 353 4216 tatem
368 4159 504 4238 referret,
519 4163 652 4222 uersibus
668 4165 743 4224 adeo
762 4164 929 4243 pedestrem
945 4165 1106 4225 orationem
1123 4162 1265 4243 aspersit:
1287 4161 1368 4220 cuius

266 4263 310 4320 rei
321 4274 423 4326 auctor
438 4277 484 4326 est
499 4269 690 4344 Quintilianus
705 4268 733 4330 X
747 4270 775 4346 1,
789 4268 845 4330 93:
864 4279 962 4332 saturo
976 4275 1084 4346 qnidam
1099 4280 1153 4332 toto
1169 4279 1263 4330 cosmo
1279 4277 1326 4342 est,
1341 4272 1372 4324 in
