2984 5032
252 449 337 495 LXVI
639 434 954 504 QVAESTIONES

296 673 299 677 ¹
339 601 435 660 Noni
467 600 613 660 annalis
638 610 684 676 ut,
716 600 812 676 quoad
839 598 901 657 eius
924 599 986 656 fieri
1014 606 1128 676 potest,
1163 605 1368 673 argumentum

255 707 406 767 deliniatur
436 706 604 766 ordiendum
632 715 677 765 est
705 725 722 764 a
750 706 785 764 lr.
816 705 855 764 lV
883 723 940 784 quo
962 703 1103 781 cetegum
1132 712 1161 762 et
1191 702 1368 762 Tuditanum

256 811 391 872 consules
411 821 527 872 creatos
557 813 744 891 perhibetur:
777 813 824 889 qui
852 820 928 871 teste
948 811 1029 870 Liuio
1049 808 1195 868 XXlel
1222 827 1248 868 a.
1278 827 1308 866 ιι.
1338 826 1365 865 c.

255 917 316 977 548
343 918 522 977 consulatum
548 920 649 978 iniere.
702 917 832 996 Cumque
862 917 933 977 belli
959 918 1048 995 ipsius
1078 915 1141 974 linis
1169 916 1197 972 in
1225 933 1251 972 a.
1281 933 1311 972 u.
1339 932 1365 972 c.

257 1024 315 1084 551
341 1023 464 1098 incidat,
488 1026 568 1084 illinc
592 1028 721 1086 conicias
744 1027 771 1084 in
793 1025 850 1083 boc
874 1024 950 1083 libro
973 1021 1141 1082 Hannibalis
1162 1038 1211 1079 res
1234 1019 1364 1078 desisse.

256 1130 294 1189 Αι
317 1149 372 1189 nec
394 1131 587 1191 testimonium
610 1148 667 1209 quo
692 1132 806 1190 nitimur
827 1128 979 1189 Ciceronis
1001 1129 1080 1206 Bruti
1103 1127 1158 1202 15,
1182 1125 1222 1185 58
1252 1135 1296 1186 sat
1319 1125 1367 1183 iir-

256 1253 331 1295 mum
355 1245 417 1312 est,
442 1238 574 1315 quoniam
596 1241 661 1316 ipse
683 1249 713 1297 ut
730 1244 829 1313 opinor
850 1234 927 1294 addit
950 1234 1127 1308 dubitanter,
1149 1242 1178 1292 et
1198 1233 1369 1309 refragatur

258 1340 333 1398 adeo
357 1351 458 1417 aperte
474 1342 639 1402 lllacrobius
660 1343 808 1403 Saevit
831 1359 859 1419 p.
884 1341 945 1400 500
966 1340 1030 1400 Jau.
1051 1341 1098 1416 qui
1120 1339 1196 1398 hunc
1218 1339 1253 1398 de
1271 1337 1369 1397 Fabio

258 1444 383 1504 Maximo
411 1449 518 1508 elatum
540 1467 670 1510 uersum:
699 1469 771 1508 unus
791 1451 870 1507 bomo
893 1451 970 1506 nobis
994 1450 1148 1505 mactando
1171 1450 1287 1503 restituit
1306 1461 1371 1501 rem

259 1550 354 1610 eXll
374 1554 469 1612 annali
497 1554 603 1614 citauit.
650 1551 702 1613 Cui
727 1554 892 1612 testimonio
923 1570 985 1611 cum
1008 1550 1114 1609 fauerit
1138 1549 1313 1609 Niebuhrius
1340 1549 1370 1604 in

266 1656 376 1716 sobolis
400 1659 575 1718 academicis
608 1661 644 1719 de
674 1660 739 1719 bist.
771 1659 854 1718 Rom.
882 1658 895 1716 l
924 1657 980 1733 23,
1009 1667 1067 1716 tum
1096 1655 1293 1734 patrocinatus
1320 1662 1371 1712 est

257 1764 380 1820 maxime
408 1762 441 1820 F.
462 1762 591 1823 Ritterus
614 1766 649 1824 de
668 1765 752 1823 Ennii
775 1764 862 1824 rebus
887 1761 1025 1841 (prem.
1056 1763 1164 1838 antiqu.
1188 1759 1313 1817 Darmst.
1339 1774 1367 1814 a.

261 1863 341 1924 1840
365 1884 393 1942 p.
417 1865 512 1946 376),
541 1872 589 1946 qui
611 1873 718 1929 exitum
745 1871 861 1948 quidem
889 1869 959 1928 belli
989 1869 1024 1928 ad
1053 1869 1127 1927 huuc
1157 1865 1259 1924 librum
1287 1861 1368 1919 rele-

259 1970 348 2045 gauit.
393 1968 496 2049 Neque
523 1974 597 2032 euim
618 1974 689 2035 illud
714 1975 833 2034 celebre
855 1975 936 2034 Fabii
962 1975 1168 2051 praeconium,
1198 1971 1278 2028 cuius
1306 1967 1367 2026 lla-

260 2074 378 2134 crobius
399 2077 521 2153 primum
544 2087 652 2138 tautum
674 2100 791 2141 uersum
810 2081 920 2156 attulit,
939 2080 1108 2140 necessario
1132 2078 1160 2135 in
1184 2079 1248 2155 ipsa
1269 2093 1366 2134 rerum

260 2177 445 2239 cunctatoris
475 2186 639 2244 narratione
676 2186 772 2244 locum
801 2188 909 2247 babuit.
967 2183 1056 2244 Cuius
1086 2184 1235 2262 praeconii
1268 2182 1366 2240 Liuius

260 2285 392 2363 quidem,
416 2286 444 2344 iu
468 2305 501 2346 ea
522 2307 639 2368 quoque
663 2310 695 2349 re
724 2292 851 2352 fortasse
873 2293 965 2371 ipsum
988 2289 1108 2350 Ennium
1132 2290 1271 2364 imitatus,
1301 2306 1365 2346 cunr

260 2399 381 2448 mortem
405 2389 486 2450 Fabii
514 2395 682 2471 perhiberet
710 2399 883 2458 mentionem
906 2399 976 2457 lecit
999 2396 1083 2457 XXX
1105 2393 1155 2454 26.
1202 2396 1240 2455 At
1265 2412 1301 2452 ue
1324 2395 1366 2452 sic

261 2496 376 2572 quidem
395 2497 559 2558 testimonio
582 2499 723 2560 lllacrobii
746 2501 834 2560 lacile
856 2519 902 2559 me
924 2502 1106 2580 mancipabo.
1145 2500 1217 2560 Nam
1242 2509 1273 2559 ut
1297 2499 1364 2559 nihil

261 2600 352 2660 dicam
377 2603 412 2660 de
435 2620 470 2661 eo
495 2605 571 2680 quod
595 2607 638 2664 sic
668 2605 775 2665 bellum
798 2605 1017 2666 Macedonicum
1041 2609 1122 2666 nimis
1145 2625 1235 2685 parce
1262 2616 1364 2668 tracta·

262 2715 319 2764 tum
343 2707 490 2782 uideatur,
522 2710 655 2786 quoniam
685 2712 712 2768 in
742 2713 828 2770 tertio
858 2712 971 2771 decimo
991 2715 1046 2773 iam
1075 2713 1184 2772 bellum
1209 2713 1363 2772 Antioche·

262 2828 327 2868 num
352 2819 504 2872 tractatum
526 2823 604 2890 erat,
643 2815 724 2874 inX
758 2826 787 2875 et
816 2817 857 2876 XI
890 2818 1040 2878 annalibus
1067 2819 1258 2895 fragmentum
1289 2817 1362 2896 quod

262 2931 320 2972 uon
337 2917 431 2991 possit
452 2936 509 2978 non
528 2921 563 2980 ad
584 2920 752 2982 Hannibalis
774 2940 823 2981 res
845 2922 950 2983 referri
972 2923 1079 2984 nullum
1092 2925 1244 3000 inuenitur,
1268 2933 1363 2984 contra

263 3027 361 3078 extant
383 3037 458 3096 quae
482 3023 517 3082 ab
541 3024 598 3084 illis
620 3025 709 3086 rebus
733 3027 890 3086 abhorrent
910 3029 1071 3088 manifesto.
1103 3029 1177 3090 Vide
1201 3049 1276 3108 quae
1295 3029 1364 3088 infra

263 3126 386 3202 exposui
409 3126 445 3184 de
473 3127 547 3187 Anu.
571 3128 598 3188 X
617 3130 652 3188 lr.
679 3131 714 3190 ll.
736 3131 784 3190 tv.
808 3132 882 3190 Anu.
907 3133 948 3193 Xl
968 3134 1003 3193 ir.
1026 3133 1062 3193 ΙΙ.
1082 3133 1130 3194 lll.
1173 3135 1237 3208 Qua
1260 3155 1292 3196 re
1307 3135 1363 3194 lle·

263 3230 354 3288 rulam
375 3242 493 3291 secutus
517 3230 689 3294 Ciceronem
709 3254 880 3314 quamquam
899 3240 1066 3298 memoriter
1089 3241 1203 3300 citando
1227 3259 1285 3300 non
1305 3241 1364 3319 lap-

262 3354 324 3394 sum
354 3355 421 3395 esse
448 3338 585 3416 bellaque
614 3340 719 3400 Punica
749 3359 806 3400 non
826 3344 900 3403 ultra
914 3343 954 3404 lX
976 3345 1106 3404 annalem
1131 3347 1300 3424 perrexisse
1322 3363 1365 3404 ar-

262 3441 373 3499 bitror:
404 3440 551 3504 aMerula
579 3445 608 3504 id
630 3454 737 3506 tantum
761 3448 883 3526 dillero,
909 3451 987 3528 quod
1017 3452 1040 3509 is
1069 3452 1169 3512 laudes
1195 3452 1261 3510 illas
1286 3449 1364 3510 Fabii

212 3525 214 3534 ’
262 3547 291 3604 iu
313 3555 418 3606 octauo
441 3547 516 3606 libro
540 3550 614 3608 iuter
637 3553 701 3630 ipsa
724 3551 908 3616 Cunctatorts
930 3558 1060 3617 laciuora
1082 3558 1256 3618 conlocauit.

348 3652 393 3711 De
415 3651 470 3712 lrne
492 3654 578 3730 igitur
600 3655 665 3716 libri
689 3659 755 3718 mibi
782 3662 897 3739 quidem
918 3662 972 3721 iam
991 3663 1098 3721 nullum
1116 3661 1230 3722 dubium
1243 3644 1312 3721 est:
1337 3669 1365 3720 at

262 3759 386 3834 initium,
415 3769 446 3818 ut
465 3761 559 3819 exitus
582 3765 761 3842 superioris,
787 3769 938 3827 incertum.
983 3768 1032 3828 Fr.
1054 3767 1080 3827 ll
1101 3785 1158 3827 non
1180 3766 1364 3845 inprobabili·

262 3874 306 3923 ter
324 3864 435 3924 Merula
456 3865 513 3924 boc
535 3865 603 3925 loco
624 3871 730 3945 posuit,
755 3874 887 3946 quoniam
903 3872 1011 3932 binium
1031 3874 1222 3933 Salinatorem
1246 3891 1272 3932 a.
1294 3891 1320 3930 u.
1341 3889 1365 3930 c.

250 3969 323 4028 545
345 3970 381 4029 de
406 3971 510 4029 Poenis
530 3981 616 4049 atque
635 3971 816 4034 Hasdrubale
837 3976 1008 4055 triumphum
1032 3980 1131 4054 egisse
1149 3979 1276 4040 Patauiui
1296 3975 1364 4036 biuii

262 4075 427 4134 testimonio
460 4085 572 4136 constat
602 4077 725 4137 XXVlll
754 4080 789 4156 9,
821 4100 991 4162 quamquam
1023 4083 1098 4143 idem
1124 4084 1220 4144 Liuius
1243 4102 1269 4143 a.
1292 4102 1319 4139 u.
1339 4099 1363 4140 c.

262 4174 323 4235 533
352 4180 387 4238 de
412 4181 519 4256 Illyriis
539 4183 731 4262 triumphasse
753 4187 940 4265 perhibetur,
965 4190 1078 4267 quade
1101 4208 1133 4248 re
1164 4191 1229 4250 uide
1251 4187 1362 4247 Freins-

261 4278 348 4341 hemii
381 4288 531 4366 Supplern.
556 4290 627 4350 biuii
655 4291 683 4350 X
712 4291 761 4352 63.
810 4291 857 4352 Fr.
888 4292 928 4353 lll
957 4313 1020 4353 oum
1047 4295 1134 4356 lacile
1180 4293 1363 4370 intellegatur
