3070 5032
566 418 805 487 nntrovmn
1182 389 1242 475 173
1317 363 1326 377 ,

664 588 710 656 Xl

234 723 316 790 Nam
335 742 407 789 cum
432 724 536 789 terras
562 717 727 802 circuiret,
758 720 793 785 ut
809 717 843 784 in
865 737 1103 809 quamcumque
1122 715 1240 806 regio-

31 873 32 878 η
112 847 207 894 nem
231 827 383 903 uenerat,
417 845 517 913 reges
544 821 752 912 principesue
779 819 976 910 populorum
1005 818 1149 910 hospitio
1179 817 1240 886 sibi

115 933 162 997 et
182 927 322 997 amicitia
341 926 515 1016 copulabat
537 928 661 993 etcum
680 948 700 994 a
720 945 852 1016 quoque
871 921 1115 1014 digrederetur,
1142 919 1240 990 iube-

31 1049 33 1090 ῑ
117 1031 187 1100 bat
205 1030 266 1100 sibi
289 1030 400 1098 lanum
419 1028 521 1098 creari
544 1027 684 1118 hospitis
705 1027 756 1097 sui
775 1025 921 1110 nomine,
950 1025 1044 1117 quasi
1061 1025 1106 1094 ita
1124 1024 1239 1113 posset
1258 1037 1298 1098 50

31 1153 33 1196 ι
118 1132 291 1202 amicitiae
321 1135 353 1200 et
378 1132 521 1201 foederis
544 1131 698 1200 memoria
724 1129 924 1199 conseruari.
978 1127 1033 1196 Sic
1062 1127 1239 1196 constituta

121 1239 209 1306 sunt
243 1235 364 1324 templa
396 1235 466 1304 loui
494 1235 673 1318 Ataburi0,
707 1235 777 1302 loui
807 1231 1002 1302 Labrandio.
1060 1230 1239 1299 Ataburius

122 1339 217 1408 enirn
238 1341 270 1407 et
289 1338 493 1407 Labrandius
514 1337 662 1427 hospites
687 1337 758 1405 eius
781 1339 879 1427 atque
903 1334 1071 1404 adiutores
1096 1333 1129 1400 in
1152 1333 1238 1402 bello

31 1499 33 1528 ,
123 1443 273 1510 fuerunt.
326 1440 404 1511 Item
433 1439 503 1508 Ioui
524 1439 662 1529 Laprio,
699 1439 769 1507 loui
795 1437 945 1521 Molioni,
981 1435 1050 1505 loui
1077 1434 1175 1504 Casio
1208 1437 1240 1502 et

128 1567 217 1637 quae
241 1545 319 1612 sunt
345 1543 378 1611 in
401 1543 541 1611 eundem
567 1542 709 1610 modum.
752 1541 860 1625 Quod'
874 1541 928 1609 ille
953 1537 1155 1608 astutissime
1174 1559 1238 1606 ex·
1256 1555 1296 1617 55

128 1646 305 1738 cogitauit,
339 1650 375 1713 ut
403 1649 435 1713 et
458 1645 518 1714 sibi
546 1645 704 1714 honorem
732 1644 876 1713 diuinum
905 1648 936 1711 et
959 1641 1143 1731 hospitibus
1168 1640 1238 1709 suis

130 1750 326 1839 perpetuum
362 1769 481 1816 nomen
513 1747 696 1840 acquireret
723 1770 797 1816 cum
825 1745 986 1837 religione
1020 1744 1238 1813 coniunctum.

31 1917 32 1932 ἶ
130 1851 326 1920 Gaudebant
347 1873 430 1942 ergo
449 1850 495 1918 illi
517 1854 549 1919 et
573 1851 647 1919 hinc
665 1851 800 1941 imperio
822 1849 892 1918 eius
912 1848 1049 1918 libenter
1071 1848 1241 1938 obseque-

31 1955 33 2046 J
130 1956 249 2023 bantur
268 1957 299 2022 et
321 1953 460 2022 nominis
479 1953 530 2022 sui
553 1953 661 2044 gratia
681 1954 762 2021 ritus
780 1975 910 2021 annuos
933 1955 965 2020 et
984 1952 1069 2019 festa
1090 1949 1240 2019 celebra-

131 2059 220 2126 bant.
269 2056 380 2126 Simile
409 2056 562 2147 quiddam
588 2055 621 2123 in
642 2055 752 2124 Sicilia
772 2055 856 2124 ‘lecit
880 2055 1030 2137 AeneaS,
1059 2075 1132 2121 curn
1155 2074 1240 2121 con·
1257 2073 1297 2132 60

31 2163 33 2170 ’
132 2161 218 2228 ditae
255 2159 336 2227 urbi'
360 2159 503 2228 Acestae
541 2158 680 2248 hospitis
715 2180 835 2226 nomen
874 2157 1048 2247 imposuit,
1094 2153 1131 2223 ut
1167 2177 1239 2223 eam

31 2247 33 2258 ¹
132 2261 342 2352 postmodum
367 2261 474 2329 laetus
493 2282 531 2328 ac
553 2261 658 2330 libens
683 2262 822 2330 Acestes
846 2261 997 2352 diligeret
1020 2260 1159 2348 augeret
1181 2277 1241 2324 or-

133 2368 234 2433 naret.
277 2365 349 2432 Hoc
371 2364 470 2432 modo
489 2363 682 2454 religionem
707 2364 814 2432 cultus
843 2363 895 2431 sui
918 2385 976 2452 per
1002 2361 1114 2429 orbern
1133 2362 1240 2427 terrae

132 2468 276 2558 luppiter
290 2467 463 2536 seminauit
482 2469 514 2534 et
533 2467 721 2556 exemplum
739 2466 856 2533 ceteris
875 2465 916 2532 ad
934 2462 1122 2532 imitandum
1143 2461 1239 2529 dedit.

656 2613 717 2683 Xll
735 2621 737 2627 ’

235 2741 361 2811 Deinde
383 2743 528 2834 luppiter
548 2748 724 2837 postquam
751 2743 946 2838 quinquiens
970 2747 1075 2813 terras
1094 2743 1241 2812 circuiuit
1260 2757 1300 2817 65

135 2846 350 2936 omnibusque
385 2847 497 2915 amicis
532 2851 631 2939 atque
668 2849 819 2940 cognatis
855 2847 925 2916 suis
960 2846 1097 2936 imperia
1132 2846 1242 2916 diuisit

135 2949 328 3040 reliquitque
362 2947 547 3018 hominibus
585 2951 680 3042 leges
711 2973 820 3020 mores
853 2951 1080 3041 frumentaque
1112 2949 1241 3040 parauit

135 3051 300 3142 multaque
335 3049 399 3120 alia
438 3052 524 3122 bona
561 3053 636 3123 fecit
670 3053 841 3124 immortali
878 3053 987 3144 gloria
1020 3053 1241 3144 memoriaque

102 3321 104 3332 Ι
136 3282 198 3329 quae
211 3266 285 3315 dicit:
306 3281 341 3314 ea
361 3267 577 3332 tempestate’
605 3283 628 3316 c.
643 3282 667 3329 q.
684 3281 705 3314 s.
778 3267 814 3315 Xl
836 3265 983 3315 Lactantius
996 3265 1055 3314 Diu.
1071 3265 1194 3317 Instlo.
1208 3267 1242 3314 22

136 3335 253 3385 ‘historia
270 3350 332 3385 uero
353 3350 426 3384 sacra
443 3344 549 3386 testatur
567 3337 652 3400 ipsum
669 3336 769 3396 Iouem,
785 3343 920 3400 postquam
934 3351 1017 3384 rerum
1034 3335 1129 3399 potitus
1144 3340 1195 3394 est,
1215 3336 1242 3383 in

135 3412 227 3454 tautam
244 3403 405 3454 insolentiam
426 3407 541 3466 uenisse,
566 3412 593 3453 ut
612 3407 669 3470 ipse
688 3406 738 3454 sibi
758 3404 818 3454 fana
837 3403 924 3454 multis
943 3406 968 3453 in
988 3404 1050 3452 locis
1069 3405 1241 3454 constitueret.

136 3474 206 3522 Nam
220 3469 300 3522 cum'
318 3488 339 3522 o.
358 3489 382 3535 q.
397 3489 418 3522 s.
440 3476 511 3524 ‘siue
528 3475 607 3539 igitur
620 3489 635 3523 a
648 3474 781 3534 Melissae,
801 3476 867 3523 sicut
880 3475 1005 3538 Didymus
1021 3474 1139 3533 tradidit,
1158 3472 1242 3522 colen-

137 3543 223 3591 dorum
245 3541 350 3591 deorum
368 3543 432 3590 ritus
450 3542 563 3601 effluxit,
583 3544 683 3592 siue'ab
698 3545 755 3609 ipso
770 3558 870 3606 quoque
883 3545 957 3602 Ioue,
977 3551 1005 3592 ut
1018 3541 1190 3605 Euhemerus,
1210 3543 1242 3590 de

137 3618 247 3676 tempore
261 3617 345 3660 tamen
364 3612 474 3659 constut’
497 3627 520 3660 e.
536 3628 561 3672 q.
577 3627 598 3659 s.
628 3611 667 3661 ot
681 3613 798 3677 Epitome
813 3629 834 3661 c.
849 3615 883 3662 24
952 3612 1000 3660 Xll
1019 3612 1165 3660 Lactantius
1181 3612 1240 3659 Diu.

138 3682 193 3729 lnst.
213 3681 260 3732 lo.
276 3680 304 3727 tt
328 3679 438 3728 ‘Ennius
458 3681 484 3729 in
500 3694 573 3728 sacra
588 3680 695 3729 historia
715 3681 850 3744 descriptis
871 3681 988 3729 omnibus
1007 3681 1110 3742 quaein
1125 3681 1178 3728 uita
1196 3694 1242 3728 sua

138 3750 225 3816 gessit’
244 3745 387 3814 (luppiter)
407 3749 455 3797 ‘ad
473 3747 591 3798 ultimum
610 3751 648 3798 sic
667 3750 715 3798 ait:
736 3750 863 3798 deindc'
886 3766 908 3798 e.
928 3766 952 3810 q.
973 3765 994 3797 s.
1030 3749 1097 3798 ‘Hoc
1111 3756 1177 3797 certe
1191 3763 1241 3797 non

137 3822 225 3884 potitae
244 3817 360 3877 tradunt,
385 3818 432 3867 sed
451 3819 611 3880 antiquarum
631 3833 715 3868 rerum
736 3819 891 3882 scriptores!
930 3817 969 3868 Gl.
992 3819 1109 3882 Epitome
1131 3833 1152 3866 c.
1174 3817 1207 3867 13

137 3965 341 3982 ,,,-,,,,,..,...

178 4072 211 4125 52
231 4061 365 4118 Ataburio
386 4061 451 4131 aliq.
474 4061 544 4115 libri.
562 4059 698 4133 Atabyrio
716 4062 807 4133 uulpo.
828 4061 954 4116 Atauirio
977 4060 1026 4114 alii
1045 4060 1109 4114 libri
1191 4060 1241 4114 La·

139 4149 252 4204 brandio
263 4147 340 4202 multi
349 4153 375 4200 et
385 4145 448 4200 honi
457 4144 526 4199 libri.
541 4145 680 4202 Lubradio
691 4161 763 4200 unus
775 4145 843 4216 Rep.
858 4143 1016 4199 Labiandro
1026 4145 1072 4199 uel
1084 4144 1240 4198 Labriando

139 4234 181 4287 uel
199 4230 370 4287 Labriandro
389 4230 438 4284 alii
456 4229 520 4283 libri
603 4234 638 4286 54
660 4229 743 4286 Casio
767 4229 820 4284 duo
833 4229 1006 4283 uetustissimi
1019 4227 1088 4300 Ray.
1104 4243 1166 4283 cum
1181 4229 1243 4283 attis

139 4313 221 4372 libris.
237 4315 335 4372 Cassio
354 4315 418 4386 aliq.
436 4313 500 4368 libri
515 4329 572 4370 rec.
586 4320 613 4368 et
626 4315 728 4369 multoc
745 4314 807 4370 edd.
1091 4315 1095 4326 ‘
