2984 5032
262 437 309 486 Lx
659 429 972 498 QVAESTIONES

262 591 349 652 dubie
377 591 568 664 Quintilianus
599 592 642 669 (ll
664 593 714 669 17,
735 592 811 672 24),
839 595 887 673 qui
912 596 1020 654 omisso
1047 596 1161 673 quidem
1186 604 1293 674 poetae
1313 617 1375 658 no·

261 699 335 756 mine
359 698 433 757 baec
454 706 561 756 tantum
587 703 651 758 dum
676 704 785 758 clauum
806 709 912 758 rectum
936 711 1042 760 teneam
1063 701 1174 776 adfert,
1197 704 1249 763 sed
1271 707 1309 763 ita
1339 715 1376 764 nt

261 817 319 876 quo
345 800 408 860 iere
430 820 504 860 nexo
528 804 552 862 is
580 822 683 862 uersus
711 802 786 880 apud
810 804 931 863 Ennium
952 805 1064 864 babitus
1090 806 1177 866 luerit
1205 808 1372 885 significet:
1483 823 1484 918 p

261 909 333 964 Num
361 917 388 964 et
404 914 574 983 pubemctor
605 911 694 987 inquit
722 915 781 968 uult
805 915 886 968 salua
905 929 978 970 naue
1009 917 1038 968 in
1060 922 1174 986 portum
1197 922 1373 988 peruenire.-
1483 921 1484 980 l

259 1016 285 1070 si
304 1021 394 1070 tumen
415 1023 571 1088 tempestate
587 1019 675 1090 suerit
692 1019 836 1089 abreptam,
856 1035 911 1074 nun
931 1020 990 1074 ideo
1012 1022 1101 1074 minus
1118 1024 1171 1076 erit
1187 1023 1371 1095 pubemntor,

260 1121 382 1194 dt'cetque
402 1129 496 1178 notum
516 1125 596 1179 illud.-
618 1125 683 1179 dum
701 1125 813 1206 clauum
830 1131 935 1180 rectum
956 1129 1069 1179 meeum.
1102 1121 1216 1194 Quare
1240 1125 1306 1184 uide
1328 1145 1371 1186 an
1483 1127 1484 1160 ³

260 1224 288 1282 bi
320 1223 377 1283 duo
408 1241 528 1299 uersus,
570 1225 675 1302 quibus
707 1227 822 1284 tertium
852 1226 974 1284 forsitan
1007 1225 1096 1285 addas
1125 1232 1209 1303 fortas
1234 1235 1368 1302 Romani,

259 1350 425 1404 quumqamm
444 1334 538 1388 caelus
551 1334 714 1405 profundus
740 1331 813 1401 (inc.
834 1331 896 1389 sed.
920 1329 1017 1408 XXV)
1048 1331 1188 1407 fragmina
1211 1355 1227 1394 e
1249 1337 1368 1396 naufra-
1483 1311 1484 1328 Χ

165 1431 168 1441 ’
259 1434 298 1508 gii
318 1433 480 1505 cuiusdam,
508 1433 557 1492 uel
582 1433 659 1492 illius
682 1432 760 1510 qnod
782 1435 818 1493 ad
841 1451 921 1492 oram
941 1436 1067 1495 Siculam
1095 1437 1201 1496 lactum
1224 1438 1367 1514 Polybius

257 1539 327 1598 137
349 1539 494 1616 perhibet,
516 1539 715 1615 descriptione
736 1539 891 1602 resideant.
923 1539 966 1598 lbi
985 1542 1059 1598 enim
1077 1543 1256 1618 gubernator
1274 1563 1366 1622 prop·
1483 1531 1484 1534 ¹

257 1652 303 1703 ter
341 1644 524 1702 inminentem
560 1661 644 1721 quam
683 1643 873 1721 praeuidebat
908 1653 1111 1721 tempestatem
1150 1648 1364 1723 nauigationem

257 1749 451 1808 dissuaserat:
483 1749 537 1806 sed
558 1765 574 1806 a
598 1748 673 1806 duce
693 1747 826 1806 Romano
854 1751 935 1808 ouius
963 1758 1028 1807 sunt
1050 1750 1177 1812 fortasse
1200 1753 1249 1812 illa
1271 1754 1363 1813 uerba

259 1870 334 1928 qnae
356 1851 392 1909 ir.
412 1851 495 1911 XXV
516 1853 644 1910 continet
665 1870 723 1910 non
742 1851 920 1911 audiebatur.
965 1854 1025 1912 Sed
1045 1854 1120 1914 baec
1141 1856 1170 1912 in
1193 1855 1362 1913 coniectura

256 1957 351 2032 posita
379 1965 453 2014 sunt.
498 1956 573 2029 Quin
597 1956 651 2014 bos
680 1975 785 2014 uersus
812 1973 929 2032 omnes,
958 1958 1062 2034 quibus
1086 1959 1179 2017 editor
1201 1957 1361 2035 Lipsiensis

256 2079 336 2120 suam
362 2062 466 2138 cuique
494 2061 610 2135 sedem,
640 2070 670 2119 ut
698 2061 753 2138 ipsi
776 2061 868 2119 uisum
890 2072 935 2119 est
956 2064 1161 2137 certissimam,
1187 2062 1359 2138 adsignauit,
1483 2117 1484 2122 ,

256 2165 339 2239 mibi,
367 2166 501 2242 quoniam
529 2166 557 2223 in
577 2165 751 2224 Antiocbico
779 2181 896 2241 quoque
925 2165 1007 2224 bello
1029 2166 1166 2242 (cf.le
1189 2167 1225 2229 ir.
1247 2164 1358 2244 l-lV)

256 2285 305 2326 res
330 2273 400 2330 mari
423 2280 453 2330 et
474 2271 595 2330 nauibus
616 2278 701 2345 gesta
723 2278 785 2342 est,
811 2287 847 2326 ne
870 2267 928 2327 boc
950 2270 1066 2346 quidem
1090 2273 1186 2330 euinci
1206 2288 1297 2348 posse
1316 2273 1358 2328 ni·

256 2375 340 2434 detur
361 2377 475 2434 omnino
497 2377 526 2434 in
547 2375 656 2433 Punico
678 2373 759 2433 bello
779 2373 875 2432 locum
892 2373 1040 2433 babuisse.

339 2480 432 2538 Porro
463 2481 498 2539 ir.
517 2479 586 2539 XVI
618 2489 648 2538 et
666 2475 769 2538 XVll:
799 2483 917 2554 fortibus
948 2490 989 2538 est
1011 2483 1127 2554 furatae
1154 2483 1221 2536 duta
1249 2487 1278 2536 et
1303 2498 1359 2536 aon

253 2601 363 2656 semper
389 2595 486 2644 uoraa
515 2596 634 2645 euortet:
661 2604 736 2644 nunc
762 2587 890 2658 Iuppter
914 2588 970 2642 buc
996 2585 1221 2652 stutmibiuisa
1244 2583 1359 2642 suntin

254 2686 336 2745 ducis
358 2686 480 2746 alicuius
502 2688 703 2748 cohortatione
721 2687 757 2745 ad
780 2689 952 2764 perterritos
973 2689 1079 2747 milites
1101 2687 1198 2746 habita
1218 2688 1286 2746 olim
1307 2705 1357 2746 co-

254 2791 396 2850 baesisse.
441 2794 551 2870 Hugius
584 2792 701 2870 quidem
730 2792 907 2868 propensior
936 2801 981 2850 est
1000 2792 1037 2851 ad
1069 2792 1244 2852 credendum
1272 2803 1300 2852 et
1321 2794 1356 2856 ir.

253 2894 336 2954 XVll
358 2905 388 2955 et
408 2897 480 2956 boc:
507 2901 561 2955 beu
576 2903 706 2971 emonam
721 2901 799 2954 dicar
819 2902 921 2955 nostris
936 2904 1068 2954 sentence
1080 2902 1160 2970 flexa
1171 2908 1212 2956 est
1229 2896 1355 2973 (XVlll)

254 2999 411 3059 edeorum
437 3001 562 3079 quodam
592 3016 734 3058 consessu
762 2998 934 3076 deprompta
965 3017 1051 3073 esse,
1085 3000 1201 3059 scilieet
1223 3001 1354 3078 Vergilio

257 3103 394 3179 conlisus,
411 3105 549 3182 quiden.
564 3104 623 3164 X6
638 3103 674 3162 ab
687 3102 781 3162 Ennio
797 3103 928 3162 colorem
943 3113 1086 3162 mutuatus
1105 3105 1133 3162 iu
1151 3105 1272 3164 deorum
1289 3121 1354 3162 con-

232 3262 237 3267 .
255 3225 339 3266 sessu
351 3215 481 3283 pannum
493 3211 532 3268 ait
551 3215 683 3268 serenae
696 3213 772 3266 cobus
791 3211 880 3266 Versa
892 3218 987 3268 retro?
1015 3207 1078 3280 Qua
1092 3227 1125 3267 re
1138 3209 1249 3285 llugius
1262 3209 1353 3268 Ennio

253 3309 315 3368 nult
333 3318 434 3370 coebo
457 3318 534 3371 αἰετὼ
553 3314 682 3386 restitui,
706 3314 735 3370 in
758 3330 823 3370 enm
845 3329 960 3370 sensnm
980 3321 1010 3369 ut
1030 3322 1075 3371 est
1099 3314 1175 3391 apud
1195 3314 1353 3390 Vergilium

253 3417 339 3472 uobis.
389 3414 449 3472 Sed
471 3415 528 3474 boc
549 3435 614 3473 enm
632 3416 717 3474 ualde
733 3415 862 3474 dubitem
878 3433 945 3472 num
966 3424 1050 3474 recte
1067 3416 1180 3477 dicatur
1193 3424 1271 3477 dicas
1291 3439 1352 3477 uos-

124 3525 127 3532 '
253 3522 304 3573 tris
325 3516 360 3590 (i.
378 3533 404 3573 e.
421 3519 512 3595 cobus)
534 3526 666 3578 renuntio
685 3526 765 3594 fleca
782 3529 838 3592 est,
864 3528 922 3577 tum
943 3523 972 3578 iu
990 3519 1075 3579 Ennii
1096 3524 1222 3582 carmine
1243 3531 1352 3582 restau-

252 3619 342 3677 rando
374 3628 458 3679 caute
484 3620 646 3696 Vergilium
679 3625 763 3700 sequi
795 3633 933 3700 praestat.
989 3623 1165 3704 Quamquam
1194 3626 1352 3685 editoribus

251 3722 339 3781 nolim
361 3725 495 3801 equidem
517 3726 684 3803 astipulari,
718 3746 784 3786 eum
806 3746 921 3786 uersum
939 3728 1046 3804 Reguli
1068 3748 1137 3790 esse
1159 3730 1351 3806 opinantibus,

251 3845 310 3905 qno
331 3825 382 3884 ille
401 3826 548 3888 Romanos
570 3830 608 3888 de
630 3835 781 3890 tormentis
803 3850 878 3908 quae
901 3834 995 3908 ipsum
1016 3835 1045 3890 in
1064 3831 1194 3891 Africam
1215 3832 1352 3894 reducem

251 3938 400 3988 manerent
429 3942 624 4007 pauescentes
654 3934 885 4012 compellauerit.
930 3935 1034 3994 Altero
1054 3946 1166 4009 autem,
1196 3937 1273 4012 quod
1295 3935 1351 3994 En·
1399 3972 1404 3979 ·

251 4035 315 4093 nius
337 4035 422 4109 dicit,
442 4055 518 4094 amec
537 4039 664 4111 Iuppiter
684 4043 739 4096 bae
758 4048 825 4110 stat,
846 4039 921 4113 apud
943 4038 1105 4114 Vergilium
1127 4039 1202 4097 Aen.
1220 4037 1351 4098 xl1565

250 4139 369 4198 Aeneas
396 4138 442 4196 eui
468 4141 603 4213 genetrix
631 4159 736 4200 recens
764 4141 887 4199 animum
910 4143 1065 4216 iniecerat,
1095 4144 1195 4202 socios
1217 4142 1350 4202 cohorta-

249 4251 329 4300 turus
350 4241 447 4302 utitur.
