2984 5048
591 444 831 516 secretins
1206 435 1267 505 133
1289 517 1294 520 ,

680 607 745 680 V*
773 613 779 622 “

255 723 347 815 com
372 731 461 825 qnod
489 731 599 802 inme
627 735 696 816 est,
734 731 935 802 exsecrabor
961 729 1027 801 hoc
1056 731 1145 823 quod
1169 731 1265 817 lucet,

817 832 975 926 quidquid
998 833 1073 902 est?

598 955 602 962 “
684 949 731 1020 Vl

259 1115 603 1136 .......
630 1089 703 1138 cum
726 1067 846 1136 saxum
867 1065 1030 1137 sciciderit

255 1315 382 1387 Gellius
403 1311 438 1384 V
461 1326 496 1386 11
533 1318 635 1388 ‘inter
658 1320 744 1390 enim
772 1320 1024 1412 pulcherrimam
1051 1320 1205 1412 seminam
1232 1325 1265 1390 et
1338 1363 1342 1372 ·

147 1419 427 1489 deformissimam
463 1415 571 1491 media
604 1424 712 1494 forma
742 1425 904 1518 quaedam
935 1427 986 1493 est
1108 1424 1215 1520 qualis
1242 1446 1264 1493 a

148 1522 273 1606 Quinto
288 1523 394 1592 Ennio
413 1522 445 1591 in
459 1523 706 1616 Menalippa’
728 1527 985 1618 (Melanippa
1001 1525 1154 1595 Rottend.
1168 1526 1261 1616 Vat.)

149 1631 328 1739 ‘perquam
347 1625 495 1717 eleganti
517 1627 678 1698 uocabulo
699 1632 807 1699 stata
826 1630 943 1700 dicitur
966 1679 1026 1700 ...
1046 1627 1173 1700 Ennius
1197 1652 1262 1698 au-

147 1727 247 1796 tem
238 1749 270 1795 tn
293 1727 356 1796 ista
383 1750 481 1820 quam
504 1729 571 1799 dixi
593 1731 767 1823 tragoedia
797 1755 868 1803 eas
891 1735 979 1802 lere
1000 1732 1178 1802 leminas
1203 1731 1262 1801 ait

148 1829 346 1900 incolumi
374 1831 584 1921 pudicitia
610 1856 722 1919 esse,
763 1857 867 1958 quae
895 1838 1007 1906 stata
1031 1836 1263 1906 formale-

149 1934 251 2001 rent.

629 2037 780 2108 NEMEA
920 2047 924 2056 “

699 2171 720 2242 l.

162 2300 224 2360 335
252 2287 382 2359 Tenedi
402 2289 569 2399 consipla,
598 2287 744 2383 undique
768 2314 882 2361 uenor.

687 2425 715 2495 ll

251 2538 375 2608 Pecudi
396 2538 476 2608 dare
500 2539 578 2607 uiua
600 2540 717 2610 marito

150 2740 240 2804 lippe
265 2737 366 2802 anglie.
386 2751 420 2785 m.
442 2751 481 2802 pr.
505 2738 562 2787 Par
582 2738 678 2790 Salisb.
698 2737 794 2806 Neap.)
868 2739 892 2787 V
916 2737 1004 2789 (licere
1024 2738 1056 2788 de
1076 2745 1127 2788 nat.
1149 2739 1218 2788 deor.
1239 2741 1262 2789 ll

150 2810 192 2867 25,
211 2808 246 2859 65
272 2806 354 2855 ‘hunc
374 2805 465 2872 igitnr’
485 2805 535 2871 (sc.
561 2807 662 2872 Iouem)
688 2810 812 2868 ‘Euniue,
839 2815 867 2855 ut
886 2803 1053 2872 supradixi,
1077 2817 1205 2874 nuqcupat
1226 2809 1262 2858 ita

151 2877 250 2927 dicens:
270 2876 357 2940 aspice
375 2874 424 2924 hoc
437 2874 577 2925 sublimen'
593 2893 615 2927 e.
633 2895 659 2940 q.
676 2894 697 2927 s.
724 2845 841 2942 ‘planius
862 2891 938 2939 quam
957 2876 1009 2925 alio
1029 2876 1084 2926 loco
1101 2877 1183 2927 idem:
1207 2893 1261 2939 cur,

151 2946 230 3008 quod’
255 2961 278 2994 e
298 2961 324 3006 q.
345 2959 367 2992 s.
398 2944 453 2994 Huc
472 2945 599 2996 relertO.
619 2947 776 2997 Ribbeckins
846 2947 881 2994 Vl
906 2946 1052 2995 Priscianus
1071 2946 1140 3011 Xp
1160 2946 1259 2997 8901).

150 3017 174 3080 (1
194 3031 220 3080 p.
235 3013 284 3063 491
303 3012 349 3076 tt.)
374 3013 521 3073 ‘scindo‚
541 3016 615 3066 scidi.
645 3017 820 3066 Vetustissimi
834 3023 927 3064 tamen
934 3016 1009 3064 etiam
1029 3015 1152 3065 scicidi
1175 3017 1261 3082 prele-

150 3086 238 3135 rebant
258 3109 291 3119 —
307 3110 344 3121 —
360 3082 444 3132 Attius
462 3081 639 3134 Sotadicorum
657 3087 679 3134 l:
699 3102 759 3135 num
778 3099 838 3151 ergo
855 3084 942 3148 aquila
959 3086 994 3132 ita
1014 3092 1042 3132 ut
1057 3084 1085 3133 hi
1102 3086 1261 3150 praedicent,

97 3191 101 3200 .
152 3154 285 3204 sciciderat
297 3167 328 3202 ea
339 3153 481 3217 pectusl
490 3153 609 3203 Ennius
620 3155 847 3221 rnMerralrppa
851 3153 1155 3220 '(MelanippaReg.
1166 3153 1260 3205 Garlsr

152 3224 276 3274 llalberst.
289 3222 384 3287 Lugd,
403 3235 453 3272 em.
469 3220 547 3289 Sang.
556 3224 755 3306 Menalippa
771 3191 862 3286 ceteri)
893 3222 963 3271 Idem
977 3222 1183 3317 fragmentuml.
1199 3224 1262 3273 Gro-

151 3294 239 3344 nouius
253 3293 399 3359 suspicatur
414 3291 475 3342 elim
491 3293 607 3342 extitisse
620 3293 696 3343 etiam
710 3294 780 3359 apud
790 3291 899 3343 Gellium
913 3290 961 3340 Vll
977 3290 1020 3341 9⁶
1030 3300 1162 3357 praeterea
1175 3294 1261 3343 inueni

152 3363 262 3413 auerbo
281 3361 398 3412 scinde
414 3361 493 3411 simili
510 3363 607 3413 ratione
626 3378 676 3414 nen
690 3364 801 3414 sciderat
814 3361 860 3411 sed
878 3361 1058 3410 sciciderat
1080 3361 1175 3411 dietum
1193 3379 1259 3413 esse.

152 3433 178 3482 L.
200 3431 309 3480 Attius
303 3446 329 3479 m
349 3429 526 3480 Sotadicorum
545 3431 634 3482 librel
652 3433 788 3483 sciciderat
807 3431 880 3481 dixit.
918 3430 1005 3480 Verba
1021 3430 1085 3480 haee
1102 3438 1175 3481 sunt:
1201 3448 1260 3481 uum

152 3515 210 3566 ergo
229 3500 315 3562 aquila
333 3500 370 3548 ita
384 3507 411 3548 ut
424 3499 451 3549 hi
465 3499 628 3566 praedicant,
644 3503 779 3552 sciciderat
792 3517 822 3552 ea
833 3499 941 3566 peetus?
959 3500 1055 3550 Ennius
1069 3515 1169 3564 quoque
1184 3502 1262 3552 Vale-

151 3571 201 3618 rius
216 3570 307 3618 Antias
326 3569 352 3616 in
372 3567 436 3617 libro
454 3569 620 3619 historiarum
635 3571 730 3622 LXXV
746 3571 825 3622 uerba
840 3569 904 3619 haec
921 3570 1038 3634 scripsit:
1062 3571 1156 3620 deinde
1173 3570 1262 3621 funere

152 3641 232 3690 locato
246 3638 279 3688 ad
292 3637 375 3688 lorum
392 3637 569 3688 desceudldit.'

184 3707 285 3757 Nuntia
322 3707 333 3755 1
358 3705 455 3756 Nonius
474 3706 577 3771 plne,
595 3705 626 3757 13
652 3709 778 3766 ‘uenor‚
803 3707 997 3756 circumuenior.
1031 3707 1128 3756 Ennius
1147 3707 1262 3758 Nemea

154 3776 205 3827 ...'
230 3776 376 3841 (manea,
397 3775 443 3826 sed
457 3790 521 3825 corr.
535 3777 744 3836 utsitnemea‚
763 3775 807 3824 W.
828 3772 1086 3840 MedeaBentinus)
1112 3774 1151 3826 Gi.
1167 3777 1261 3827 Paulus

128 3893 133 3906 „
153 3847 218 3897 l'esti
243 3860 269 3910 p.
287 3844 322 3895 62
340 3843 373 3894 Μ.
401 3846 603 3912 ‘eonsiptum
627 3845 696 3910 apud
717 3845 826 3894 Ennium
844 3859 892 3910 pro
915 3852 1064 3910 conseptum
1083 3846 1226 3910 reperitur.'

186 3918 207 3965 ll
233 3915 379 3964 Priscianus
392 3915 415 3963 V
430 3930 457 3980 p.
471 3914 523 3966 1159
535 3916 563 3965 Ρ.
576 3916 602 3981 (l
616 3930 643 3980 p.
659 3913 708 3964 197
720 3913 766 3978 Κ.)
786 3913 842 3964 ‘hio
857 3912 959 3964 ethaeo
977 3921 1001 3963 et
1018 3914 1067 3963 hec
1086 3929 1193 3980 pecus.
1211 3917 1261 3966 En-

154 4025 363 4038 -———

192 4095 244 4150 333
266 4105 317 4146 cur
331 4087 400 4161 Rep.
421 4087 551 4144 Ganaba
573 4089 617 4144 cui
634 4085 722 4145 ceteri
803 4057 866 4162 licet
886 4057 1023 4166 quidquid
1044 4093 1088 4146 est
1107 4091 1196 4158 (cor-r.
1217 4105 1263 4145 ea·

155 4175 211 4231 dem
226 4176 278 4242 m.)
299 4171 379 4230 Vtut.
466 4174 520 4231 334
542 4173 700 4229 scisciderit
719 4173 825 4230 Oarlsr.
844 4173 928 4246 nep,
951 4174 1002 4229 sed
1017 4175 1036 4228 it
1049 4189 1087 4230 aa
1102 4180 1129 4229 at
1144 4189 1218 4228 cerr.

194 4264 245 4318 335
267 4258 394 4330 consipla
416 4257 527 4314 Vossius
541 4273 579 4314 erc
591 4257 690 4314 Paulo.
706 4265 843 4330 concepta
864 4257 908 4314 W.
925 4264 1059 4330 consepta
1074 4259 1160 4315 ceteri
1171 4257 1235 4314 libri

194 4347 246 4404 336
268 4342 334 4399 uiua
348 4343 500 4419 moret
514 4343 592 4399 codd.
607 4343 674 4399 uiuat
683 4343 771 4400 Bern.
786 4359 822 4398 m.
838 4343 885 4399 alt.
898 4359 974 4399 corr.
989 4345 1084 4400 uiuam
1096 4343 1166 4418 Περ.
1179 4341 1263 4418 Sanp.
