2984 5032
247 468 355 516 LXXVI
627 457 939 525 QVAESl'lONES

332 621 413 698 Ergo
436 623 511 680 inter
525 623 664 681 Dentrem
687 621 773 680 fortia
796 622 871 682 laeta
897 621 993 680 loourn
1016 620 1167 680 habuerint
1185 620 1260 680 haec
1281 638 1358 697 quae

249 727 501 802 euertatninihus
532 726 683 805 desumpta
710 728 841 788 uidentur
868 728 1028 803 fragmenta
1056 726 1105 787 111.
1134 726 1183 785 lv.
1211 725 1247 784 V.
1293 726 1357 784 Neo

248 845 343 894 tamen
371 832 445 892 hunc
469 833 613 908 integrum
638 832 742 892 lihrum
767 841 856 912 potita
882 833 1040 891 Dentrihus
1070 833 1215 909 inpendit,
1248 834 1276 890 in
1298 849 1355 910 quo

249 940 296 999 uel
320 958 337 997 e
360 938 485 1015 Philippi
516 947 644 998 extrema
669 940 728 999 uita
753 940 895 1017 quaedam
920 937 1017 998 hahita
1045 937 1136 996 luisse
1164 937 1211 996 hic
1240 957 1354 1012 uersus,

249 1045 390 1123 siquidem
419 1053 500 1102 reete
530 1044 698 1119 emendam,
726 1065 795 1121 quos
815 1048 861 1104 uhi
880 1063 935 1104 rou
958 1050 1076 1118 populos
1096 1050 1190 1119 spexit
1212 1050 1246 1103 de
1268 1051 1355 1104 couti-

249 1157 298 1212 hus
319 1157 397 1211 celsis
419 1149 491 1227 (IX)
515 1149 689 1208 documento
710 1158 763 1210 est.
809 1148 921 1224 Regem
944 1149 1019 1208 enim
1034 1148 1196 1227 Philippum
1215 1151 1294 1226 dicit,
1318 1150 1354 1208 de

248 1275 306 1336 quo
334 1257 409 1316 haee
438 1255 533 1314 Liuius
555 1254 604 1314 XL
627 1254 664 1313 21
696 1263 807 1313 narrat:
839 1261 938 1330 cupido
959 1276 1020 1316 eum
1043 1266 1159 1332 ceperat
1178 1263 1207 1315 in
1227 1264 1356 1316 uerticem

247 1369 349 1422 Haemi
368 1369 466 1422 montis
486 1367 661 1435 ascendendi,
680 1366 745 1437 quia
761 1367 890 1437 uutpctoe
908 1369 1029 1438 opinioni
1042 1368 1199 1422 crediderat
1213 1368 1355 1422 Ponticum

245 1476 327 1530 simut
348 1480 374 1528 et
395 1473 566 1528 Adriaticum
582 1487 660 1526 more
682 1477 709 1526 et
717 1471 845 1526 Histrum
863 1486 970 1526 omnem
989 1478 1015 1526 et
1027 1472 1114 1541 Alpes
1128 1475 1250 1544 conspici
1259 1488 1356 1544 posse.-

246 1583 365 1636 suhiecto
387 1580 473 1634 oeulo's
496 1594 529 1632 eo
558 1579 634 1634 houd
649 1579 739 1648 potui
762 1577 814 1630 sihi
836 1580 964 1630 momerrti
985 1576 1086 1646 futuro
1112 1581 1151 1633 od
1171 1582 1357 1652 copitctioncm

247 1689 368 1743 Romoui
384 1685 452 1744 hetti.
491 1678 535 1738 Ao
557 1679 627 1738 lieet
648 1677 744 1736 Liuius
767 1676 877 1736 1.1.22
899 1680 968 1735 nihil
990 1677 1067 1736 dicat
1088 1685 1217 1755 uulpctoe
1238 1687 1357 1755 opinioni

246 1793 369 1864 depressi
389 1790 452 1845 iude
473 1789 669 1856 detraxerunt,
701 1790 788 1860 mopis
807 1789 890 1842 credo
919 1803 953 1841 ne
974 1789 1088 1842 uouitos
1111 1791 1216 1845 itineris
1243 1790 1356 1846 ludibrio

246 1904 315 1952 esset
345 1913 427 1967 prtum
455 1895 528 1965 quod
554 1895 666 1950 diuersa
693 1896 765 1948 inter
792 1905 822 1946 se
849 1895 939 1946 morio
968 1898 1124 1964 montesque
1150 1899 1176 1948 et
1200 1910 1294 1950 omnes
1319 1911 1356 1950 ex

246 2019 300 2058 uuo
326 2003 384 2056 loco
411 2004 535 2074 conspici
554 2003 709 2072 potuerint,
738 2003 833 2083 tamen
859 1994 928 2053 nihil
951 1994 1076 2072 inpedit,
1110 2011 1167 2074 quo
1186 1997 1278 2054 minus
1298 1994 1354 2053 En-

246 2105 321 2162 nium
338 2103 489 2162 credamus
506 2099 661 2171 cecinisse,
685 2100 819 2177 Philippo
836 2117 996 2176 remquam
1014 2111 1168 2177 expeteret
1185 2104 1352 2178 contigisse.

246 2207 372 2266 Adiunxi
389 2208 454 2266 huic
479 2206 572 2263 statim
596 2212 695 2264 cetera
719 2223 794 2283 quae
816 2205 850 2264 ad
866 2204 1027 2283 Philippum
1043 2208 1181 2266 attineant
1195 2209 1353 2284 fragmenta

247 2311 283 2371 X.
305 2311 355 2370 Xl.
380 2309 444 2370 Xll.
488 2309 610 2371 Duobus
642 2310 716 2368 enirn
748 2312 827 2369 anuis
857 2320 925 2389 post
949 2331 977 2388 a.
1004 2332 1032 2371 u.
1064 2331 1090 2371 c.
1116 2311 1178 2372 573
1208 2311 1354 2390 Philippus

247 2420 346 2494 senio,
374 2426 403 2477 ut
433 2417 528 2476 Liuius
550 2417 589 2476 ait
612 2416 631 2475 l.
655 2416 673 2474 l.
697 2415 755 2490 54,
785 2425 814 2476 et
843 2435 976 2478 maerore
1000 2427 1187 2496 consumptus
1211 2418 1353 2478 decessit:

246 2543 301 2604 qua
327 2526 543 2603 opportunitate
573 2530 662 2600 potita
691 2531 719 2581 et
746 2523 927 2599 superiorem
954 2525 1033 2601 regis
1053 2525 1141 2584 uitam
1162 2525 1275 2600 attingit
1297 2524 1353 2602 (Χ)

247 2639 276 2690 et
301 2629 437 2707 exemplo
459 2629 495 2688 ah
517 2631 581 2704 anni
603 2627 745 2688 aetatibus
768 2630 893 2704 repetito
918 2629 1003 2710 (Xll)
1029 2630 1161 2689 inlustrat
1183 2629 1253 2688 illud
1279 2628 1354 2707 quod

246 2735 315 2794 dicit
339 2747 403 2810 post
430 2744 519 2794 octote
540 2740 634 2808 pipret
656 2736 788 2806 subferre
813 2737 933 2793 lahorem
960 2733 1041 2813 (Xl).
1086 2733 1267 2811 Fragmentis
1292 2733 1353 2793 Vll.

246 2840 313 2899 Vlll
332 2840 442 2916 Hugius
462 2838 580 2898 Fabium
595 2837 747 2896 Maximum
770 2839 916 2915 designari
936 2841 1076 2916 cogitauit
1093 2840 1185 2916 (conl.
1204 2837 1355 2898 Ciceronis

246 2942 357 3004 Catone
378 2947 487 3003 maiore
504 2945 533 3018 4,
556 2944 611 3002 10:
634 2947 702 3002 bello
715 2949 828 3020 peretot
841 2954 870 3003 ut
883 2951 1054 3017 adulescens,
1071 2968 1132 3006 cum
1140 2952 1229 3021 ptane
1242 2951 1355 3022 prandes

246 3057 343 3122 esset).·
375 3069 460 3128 quem
487 3057 575 3128 potita
603 3050 694 3109 relata
725 3049 871 3126 Scipionis
900 3063 994 3111 morte
1023 3061 1063 3124 (a.
1083 3073 1111 3112 u.
1136 3071 1161 3111 c.
1186 3052 1247 3112 569
1279 3053 1353 3111 conl.

245 3154 326 3214 Liuio
341 3153 466 3214 XXXIX
482 3155 538 3235 52)
562 3155 633 3216 helli
649 3156 746 3214 Punici
764 3163 923 3232 temporum
939 3154 1099 3214 admonitus
1118 3157 1146 3216 in
1163 3159 1353 3235 comparatio·

246 3279 310 3320 ueni
336 3261 499 3320 cecinisset.
551 3261 618 3340 lpse
647 3262 715 3321 olim
738 3261 994 3338 Philopoemenem
1027 3261 1135 3321 clarum
1170 3262 1352 3322 Achaeorum

246 3368 348 3427 ducem
378 3367 565 3445 suspicabar,
600 3384 656 3425 nec
681 3384 756 3424 nunc
782 3368 910 3443 paenitet
935 3365 1122 3442 suspitionis:
1154 3386 1239 3445 quern
1267 3368 1352 3428 facile

246 3477 357 3531 ‘ratum
386 3474 413 3530 in
443 3473 573 3548 regimen
602 3470 732 3548 bellique
760 3472 883 3548 peritum
906 3477 1025 3530 senern’
1057 3475 1195 3534 nominari
1223 3475 1351 3551 potuisse

248 3579 413 3638 concedes:
439 3579 515 3640 conl.
538 3578 618 3637 Liuio
640 3574 765 3634 XXXIX
785 3577 835 3637 49.

333 3684 455 3745 Ceteras
484 3682 567 3742 huius
594 3682 659 3742 libri
682 3682 820 3759 reliquias
843 3683 917 3740 inter
939 3685 1095 3742 certamina
1117 3701 1181 3742 curn
1202 3682 1354 3760 liguribus

247 3793 398 3854 commissa
419 3800 447 3850 et
463 3788 557 3848 Fuluii
572 3786 671 3847 Flacci
695 3807 744 3848 res
762 3789 790 3846 in
806 3786 962 3846 Celtiberis
981 3797 1080 3865 gestas
1096 3787 1245 3850 distribuo.
1276 3788 1353 3862 Quas

247 3917 294 3957 res
318 3914 375 3975 quio
397 3892 599 3968 inlustrar‘em,
624 3913 639 3951 e
663 3891 743 3952 Liuio
768 3892 815 3954 XL
836 3891 956 3951 25-31
989 3893 1071 3954 hausi
1095 3911 1169 3972 quae
1188 3892 1244 3952 huc
1266 3894 1353 3971 perti·

246 4022 316 4062 nere
344 4001 518 4061 uiderentur.
570 3996 650 4073 Ergo
678 3996 707 4056 L.
739 3997 880 4058 Aemilius
906 3998 1013 4058 Paulus
1047 4000 1189 4076 principio
1217 4003 1295 4059 neris
1327 4019 1352 4060 a.

246 4108 304 4166 571
337 4108 364 4164 in
386 4105 508 4181 Ligures
536 4102 682 4178 lngauuos
710 4102 820 4161 induxit
847 4103 1023 4162 exercitum:
1058 4105 1086 4162 in
1104 4103 1228 4164 hostium
1251 4106 1353 4164 linibus

246 4220 340 4271 castra
362 4212 459 4288 posuit
474 4227 567 4287 prope
586 4227 601 4268 a
619 4208 776 4268 montibus:
801 4207 921 4285 Ligures
940 4218 1034 4268 autern
1048 4220 1111 4283 post
1128 4229 1173 4268 eos
1187 4216 1263 4285 ipsos
1277 4229 1352 4267 more-

246 4329 283 4376 tes
365 4321 489 4374 exercitu
502 4320 576 4372 omni
595 4323 689 4372 coacto
701 4325 813 4389 repente
832 4321 1000 4376 multitudine
1021 4321 1124 4392 inperiti
1137 4325 1232 4376 eostre
1246 4319 1349 4376 Romo·
