3112 5040
595 451 838 520 RELIQVIAE

513 681 518 688 ,
695 619 741 690 XI

152 716 156 722 ’
264 737 381 827 Ae'gro
402 738 502 806 eorde
522 737 625 806 comis
646 739 772 829 sparsis
793 738 902 828 passis
921 737 998 808 Iatu’
1016 736 1133 828 palmis

266 839 397 909 Acriter
994 857 999 865 ·

686 943 756 1012 XII·

267 1112 275 1126 .
302 1057 437 1149 pinsunt
453 1063 577 1130 terram
598 1061 741 1152 genibus

530 1280 533 1284 .
679 1212 753 1280 XIII

177 1334 238 1396 355
266 1327 307 1395 Et
324 1326 421 1395 simul
442 1327 572 1397 erubuit
589 1351 650 1398 eeu
673 1329 757 1398 laete
777 1333 810 1398 et
830 1333 978 1418 purpura
999 1327 1111 1395 mixta.

391 1645 399 1661 .
452 1615 571 1664 cursus
593 1595 794 1687 quingentos
817 1617 918 1686 saepe
940 1595 1046 1664 ueruti

685 1745 752 1814 XV

265 1864 411 1932 Incertus
439 1863 480 1930 de
506 1861 609 1931 uerbo
636 1871 676 1932 29
711 1862 821 1950 (Auel.
842 1862 986 1931 Vindob.
1009 1886 1040 1952 p.
1060 1855 1133 1952 162)
1165 1866 1203 1930 ‘a
1228 1861 1273 1929 iio
1358 1929 1361 1934 .

162 1968 266 2036 fiere
293 1988 369 2036 esse
394 1965 545 2049 deberet,
574 1965 634 2036 sed
654 1965 729 2034 lieet
754 1987 837 2034 usus
865 1966 959 2036 aliter
983 1965 1160 2056 optinuerit
1187 1962 1273 2053 (fieri

163 2071 248 2138 enim
271 2071 358 2138 nuno
387 2068 535 2160 dieitur),
566 2067 692 2140 Ennius
720 2069 887 2138 tamenin
919 2069 950 2138 X
975 2068 1140 2138 annalium
1167 2068 1273 2136 fiere

163 2173 259 2258 dixit,
283 2195 350 2242 non
369 2171 461 2241 fieri’
820 2199 822 2204 ·
1274 2185 1308 2198 ‘¹

600 2301 758 2451 niara
788 2369 833 2450 u

693 2578 706 2646 Ι
721 2575 738 2612 *

266 2709 395 2799 Quippe
419 2709 529 2778 solent
551 2732 651 2804 reges
672 2733 787 2781 omnes
808 2710 839 2779 in
860 2710 960 2779 rebus
984 2709 1139 2778 secundis

197 2913 232 2964 XI
252 2911 349 2960 Nonius
365 2925 391 2975 p.
408 2908 468 2970 370,
483 2911 517 2960 22
537 2913 682 2976 ‘passum
701 2917 847 2972 extensum,
860 2920 951 2978 patens
1034 2911 1131 2960 Ennius
1145 2908 1274 2958 annalium

163 2983 207 3036 Iib.
223 2981 261 3030 X:
282 2982 372 3046 aegro'
389 2996 411 3028 e.
429 2995 452 3042 q.
468 2995 489 3028 s.
510 2981 632 3045 ‘poesis
653 2982 688 3030 ait
709 2982 842 3047 palmis,
867 2981 1012 3047 patentibus
1028 2988 1052 3030 et
1071 2980 1202 3030 extensis)
1260 2973 1265 2978 “

162 3053 207 3101 XII
221 3047 358 3100 DIomedes
374 3051 382 3098 I
396 3065 422 3114 p.
439 3049 490 3100 370
504 3050 531 3098 P.
548 3050 632 3115 ‘apud
645 3059 744 3100 ueteres
764 3053 905 3117 reperimus
919 3053 995 3100 etiam
1009 3066 1024 3098 n
1039 3051 1146 3099 litteram
1161 3049 1273 3098 additam

162 3123 257 3187 pinso
273 3120 341 3182 quod
355 3127 392 3168 est
406 3120 483 3168 tundo
496 3127 520 3168 et
533 3120 613 3184 pinsit
626 3121 765 3170 seeundum
778 3123 880 3171 tertium
896 3122 1012 3171 ordinem
1023 3128 1051 3169 ut
1064 3120 1160 3168 Ennius
1175 3119 1274 3167 decimo

162 3191 292 3251 annajium
311 3189 362 3237 ...’
387 3187 596 3254 (ordinemid
613 3193 767 3240 uttenius
785 3192 842 3240 Par.
857 3189 886 3254 a)
955 3189 1014 3238 XIII
1030 3189 1127 3238 Nonius
1143 3204 1169 3253 p.
1182 3186 1274 3245 4832

163 3261 261 3309 ‘lacte
281 3259 439 3307 nominatiuo
461 3273 522 3306 casu
541 3258 572 3306 ab
591 3274 620 3308 eo
644 3261 713 3322 quod
732 3267 769 3309 est
788 3260 827 3310 Iao
844 3261 941 3309 Ennius
961 3259 1005 3307 lib.
1026 3259 1050 3307 X
1070 3259 1125 3306 ...’
1153 3255 1230 3322 (Iib-
1249 3255 1274 3304 X

162 3329 251 3378 Bamb.
277 3329 333 3377 lib.
350 3328 387 3377 XI
406 3325 498 3390 ceteri)
568 3327 630 3377 XIV
648 3330 738 3378 Festus
759 3345 785 3394 p.
801 3327 852 3381 375
869 3329 902 3378 M.
929 3333 1056 3377 ‘ueruta
1074 3327 1128 3393 piIa
1147 3327 1272 3385 dicuntur,
1308 3332 1311 3339 '

163 3399 230 3462 quod
252 3396 341 3461 [ueluti
353 3397 452 3460 ueruto]
470 3397 581 3446 habeant
593 3399 716 3463 praefixa.
739 3399 835 3449 Ennius
853 3399 880 3448 n.
892 3398 932 3447 X:
1037 3398 1161 3447 oursus'
1177 3413 1199 3445 e.
1214 3411 1238 3460 q.
1251 3411 1271 3443 s.

163 3468 295 3516 Lueretius
314 3465 419 3517 1V1409
440 3469 518 3529 ‘quos
535 3468 583 3516 tibi
600 3477 653 3518 tum
673 3484 752 3535 supra
768 3470 806 3518 soI
825 3470 918 3518 montis
937 3483 994 3519 esse
1012 3468 1114 3518 uidetur
1127 3467 1274 3518 Comminus

163 3539 219 3601 ipse
232 3549 278 3584 suo
293 3536 443 3600 contingens
460 3535 576 3584 feruidus
592 3539 661 3603 igni,
682 3541 734 3588 Vix
749 3538 841 3588 absunt
853 3539 927 3588 uobis
945 3539 1040 3588 missus
1053 3539 1093 3588 bis
1107 3537 1177 3586 miIIe
1195 3537 1274 3600 sagit-

157 3615 218 3665 tae,
238 3605 300 3652 Vix
314 3605 410 3653 etiam
424 3619 539 3652 cursus
553 3607 751 3672 quingentos
766 3609 998 3673 saepeuernti.'

197 3708 284 3756 LIBER
301 3706 337 3755 XI
371 3706 489 3754 [Festus
508 3722 534 3771 p.
550 3685 600 3757 257
614 3708 647 3757 Μ.
674 3709 809 3774 ‘quippe
829 3708 974 3774 significare
991 3709 1053 3771 quid
1067 3709 1106 3756 ni'
1132 3705 1274 3772 (quodni
1382 3779 1384 3790 ,

168 3831 367 3848 ........—-—--

162 3920 304 3970 uorsatam
335 3914 390 3967 iam
418 3927 595 3967 summouere
623 3913 781 3967 columnam
796 3911 921 3984 Sentr'per
940 3911 1018 3982 opud
1030 3909 1169 3965 Merulam

161 4005 213 4058 352
230 3999 318 4054 comis
335 3998 443 4068 sparsis
460 3997 488 4052 J.
506 3998 690 4070 Bernopsius.
712 3997 816 4065 cornis,
839 4015 891 4053 om.
914 3997 1036 4068 sparsis,
1059 3994 1123 4050 libri
1207 3989 1273 4048 latu'

160 4085 190 4139 J.
211 4084 395 4156 Bempsius.
424 4085 478 4136 iate
507 4081 571 4136 libri
672 4085 725 4140 353
746 4083 857 4150 aeriter]
878 4079 1051 4156 pater-libri.
1079 4097 1105 4133 a.
1129 4097 1154 4132 e.
1176 4090 1273 4134 eomas

162 4170 256 4238 passis
271 4169 373 4239 palmis
387 4169 544 4222 lacerantes
560 4165 681 4222 Merula.
703 4183 729 4222 a.
754 4166 783 4222 C.
808 4167 896 4222 comis
919 4168 972 4220 late
995 4164 1089 4236 passis
1115 4164 1286 4242 palmisque,

162 4259 312 4323 precantur
336 4253 374 4308 Η.
397 4243 533 4324 nmquis
559 4257 594 4307 εί·
607 4251 658 4306 Tt.
682 4252 791 4323 nuptu
895 4255 947 4310 355
972 4257 999 4304 et
1022 4250 1105 4305 simul
1127 4249 1275 4304 duttetmus

163 4337 256 4394 Ploat.
272 4337 350 4411 Gopt.
364 4343 391 4396 5.
407 4339 464 4398 essi
484 4337 584 4394 mulier
597 4336 696 4394 Bomb.
718 4353 749 4394 es
765 4337 788 4392 si
803 4337 902 4394 mulier
917 4335 1002 4392 deteri
