3112 5040
623 407 864 477 RELIQVIAX

688 573 769 644 XVI
782 573 799 611 *

290 679 452 748 Volturus
470 678 503 748 in
521 677 624 768 spinis
642 678 798 748 miserum
816 678 990 750 mandebat
1007 678 1192 751 homonem.

290 783 364 852 Heu
387 803 484 874 quam
506 781 629 851 erudeli
650 781 811 852 condebat
829 783 974 851 membra
995 783 1165 873 sepulcro!

666 917 761 987 XVII
776 914 816 954 **

286 1018 458 1112 Vergilius
479 1019 563 1088 Aen.
583 1018 610 1088 ll
627 1029 689 1092 486
715 1023 764 1088 ‘at
780 1019 899 1088 domus
926 1019 1061 1088 interior
1083 1020 1208 1110 gemitu
1230 1020 1295 1089 mi-

187 1147 329 1218 seroque
351 1122 493 1191 tumultu
515 1121 688 1207 Miscetur,
721 1123 919 1214 penitusque
946 1144 1048 1190 cauae
1076 1122 1295 1214 plangoribus

185 1229 285 1297 aedes
304 1225 466 1295 Femineis
489 1225 633 1314 ululant3
653 1225 738 1295 'lerit
763 1247 864 1294 aurea
893 1223 1003 1293 sidera
1027 1225 1159 1294 elamor.
1211 1227 1295 1294 Tum

184 1329 325 1421 pauidae
339 1327 434 1397 tectis
449 1336 572 1396 matres
585 1327 775 1420 ingentibus
790 1330 909 1410 errent,
924 1327 1173 1420 Amplexaeque
1184 1331 1295 1398 tenent

85 1505 91 1514 ,
183 1432 290 1522 postis
308 1432 416 1523 adque
435 1428 550 1499 oscula
566 1429 694 1521 figunt?
738 1429 876 1499 Seruius
896 1430 929 1497 in
945 1429 976 1498 h.
992 1429 1012 1496 l.
1038 1432 1087 1497 ‘at
1104 1430 1223 1499 domus
1240 1431 1294 1498 in-

182 1535 300 1604 terior:
332 1534 373 1602 de
397 1532 528 1601 Albano
552 1532 681 1602 excidio
707 1532 887 1600 translatus
913 1535 963 1600 est
988 1532 1102 1601 loeus?
1147 1533 1236 1602 Idem
1261 1533 1294 1601 in

183 1641 267 1706 Aen.
285 1636 313 1704 Η
331 1644 392 1706 313
412 1634 581 1725 ‘clangom
602 1635 805 1731 ‘Graecorum
824 1637 885 1702 est.
923 1636 1006 1724 Nam
1020 1626 1146 1728 κλαγγὴ
1166 1635 1292 1708 dieitur.

182 1740 266 1809 Illud
289 1759 370 1807 sane
392 1735 561 1805 sciendum
584 1740 651 1822 est,
684 1736 760 1828 quia
785 1758 908 1805 morem
935 1735 1043 1828 tetigit
1065 1738 1294 1828 expugnatio-

183 1842 244 1910 nis,
286 1841 484 1931 Plerumque
502 1839 588 1908 enirn
607 1839 648 1913 ad
667 1839 780 1910 tubam
804 1842 997 1909 euertuntur
1015 1840 1179 1910 ciuitates:
1208 1840 1292 1910 siout
1381 1829 1385 1837 ’

184 1944 304 2014 Album
322 1942 438 2012 Tullus
455 1941 617 2020 Hostilius
635 1943 732 2012 iussit
751 1941 876 2011 euerti'

639 2115 641 2120 =
673 2075 812 2148 XVIII*

286 2197 383 2290 Isque
400 2195 471 2265 dies
489 2202 665 2291 postquam
683 2198 797 2266 Ancus
815 2195 956 2272 Marcius
976 2217 1081 2287 regna
1099 2193 1222 2284 recepit

181 2382 290 2430 here-
306 2380 417 2429 Ennius:
437 2381 573 2429 tractetus’
595 2397 617 2430 e.
634 2396 659 2442 q.
676 2395 697 2429 s.
731 2381 779 2428 Hie
793 2378 898 2428 ascribit
912 2377 1037 2428 Columna
1105 2377 1166 2425 XVI
1183 2377 1292 2426 Pulsum-

181 2466 228 2500 nus
242 2451 277 2499 Vl
292 2465 318 2514 p.
330 2448 381 2499 683
393 2450 421 2496 Ρ.
438 2450 463 2515 (1
478 2465 503 2513 p.
518 2447 628 2512 21811.)
650 2449 833 2502 ‘uetustissirui
844 2455 929 2496 tumen
944 2449 1019 2496 etiam
1035 2447 1111 2495 homo
1126 2446 1196 2494 horn
1206 2448 1289 2495 ouis'

181 2516 350 2600 (hominis
364 2532 443 2599 Reg.)
463 2534 677 2584 ‘declinaueruut
708 2535 820 2584 Ennius:
836 2533 968 2582 uulturus'
985 2549 1008 2582 e.
1023 2547 1048 2594 q.
1062 2545 1084 2580 s.
1105 2530 1182 2580 ‘Nam
1198 2539 1222 2580 et
1234 2533 1291 2580 uul-

182 2613 222 2653 tur
236 2610 261 2652 et
276 2602 392 2652 uulturus
406 2611 430 2652 el
450 2602 575 2652 uulturius
595 2603 705 2652 dieitur!
735 2602 907 2668 (uulturus
919 2600 1002 2666 Lugd.
1016 2601 1091 2650 Bern.
1106 2616 1140 2648 m.
1154 2615 1193 2665 pr.
1210 2600 1289 2666 Sang.

180 2689 239 2738 Vot.
255 2703 306 2738 see.
322 2688 347 2737 X
368 2703 400 2738 ex
414 2703 478 2738 eorr.
493 2668 662 2740 uulturius
675 2689 750 2738 Beru.
761 2703 794 2738 m.
805 2689 849 2736 ult.
864 2686 1005 2735 uulturis
1018 2685 1082 2750 Reg.
1094 2685 1220 2734 Helberst.

125 2811 128 2818 .
180 2772 316 2837 uulturius]
337 2773 482 2822 uulturis
497 2773 572 2822 Beru.
593 2791 628 2823 rn.
645 2775 688 2824 alt.
705 2773 797 2842 uult}
818 2775 899 2834 rius,
922 2774 948 2820 iu
963 2784 1013 2820 ras.
1027 2785 1041 2820 o
1056 2777 1084 2820 ut
1097 2771 1168 2829 uid„
1191 2769 1290 2838 Lugd.)

181 2843 339 2892 Charisiusl
353 2858 380 2907 p.
396 2841 487 2892 1201).
514 2841 562 2907 (85
574 2841 664 2907 Lind.)
692 2845 872 2894 ‘uolturus¹
907 2843 1017 2890 Ennius:
1041 2841 1158 2889 uulturus
1174 2877 1180 2888 .
1198 2878 1204 2888 .
1222 2878 1228 2889 .
1244 2841 1290 2890 ho-

180 2913 298 2961 monem!
324 2910 429 2960 Seruius
443 2912 469 2960 in
482 2912 546 2960 Aen.
562 2913 598 2961 VI
611 2912 662 2963 595
682 2915 756 2963 ‘sane
774 2915 799 2963 iu
818 2927 866 2962 usu
888 2920 926 2960 est
941 2911 1042 2968 uultum
1060 2910 1120 2970 lieet
1132 2909 1220 2960 Cicero
1233 2911 1290 2959 uul-

104 2997 106 3000 ·
176 2982 260 3030 turius
279 2981 372 3030 dixerit
472 2981 582 3030 Ennius:
608 2983 724 3032 uulturus
742 3020 747 3031 .
765 3020 770 3031 .
789 3020 794 3030 .
814 2983 967 3032 homonem.'
1004 2980 1052 3029 Hic
1071 2981 1177 3029 inseruit
1192 2979 1290 3029 Merula

248 3051 333 3098 XVIII
352 3049 457 3099 Seruius
476 3051 502 3098 in
518 3052 581 3100 Aen.
600 3051 699 3104 111333
723 3053 867 3102 ‘reddita
887 3066 958 3100 more
976 3050 1058 3100 ueteri
1077 3064 1125 3114 pro
1143 3049 1202 3098 datu
1222 3050 1289 3098 aoei-

85 3141 88 3148 ·
178 3120 314 3185 piendum,
334 3135 361 3169 re
375 3134 436 3184 ergo
452 3120 572 3169 abundet.
600 3122 696 3171 Ennius
710 3123 736 3170 iu
749 3121 896 3172 annalibus:
924 3119 946 3186 [I
957 3119 988 3168 fr.
1000 3117 1068 3180 XLI]
1086 3126 1110 3167 et
1124 3118 1199 3166 alibi:
1215 3119 1289 3180 isque

179 3226 185 3237 .
203 3227 209 3238 .
226 3226 232 3238 .
248 3190 359 3254 recepit;
381 3205 428 3254 pro
443 3191 556 3254 aoeepIt;
577 3199 619 3240 aut
631 3191 745 3250 reddila;
768 3191 848 3252 quod‘
864 3207 886 3240 e.
903 3206 928 3251 q.
945 3205 966 3238 s.
995 3188 1046 3254 (et
1059 3202 1117 3250 pro
1131 3194 1286 3252 acceptu,

218 3367 268 3421 141
287 3363 414 3417 uulturus
431 3361 522 3417 Prisc.
535 3361 623 3434 Lupd.
636 3363 725 3418 Bern.
739 3362 824 3435 Sanp.
837 3380 873 3417 m.
887 3365 950 3430 alt,
969 3361 1053 3419 Cbur.
1067 3361 1127 3416 cod.
1140 3361 1218 3416 eled.
1226 3379 1286 3433 pr„

177 3445 258 3502 Seru.
275 3445 386 3503 Caeseti,
403 3445 473 3518 Rep.
487 3446 564 3503 leid.
581 3447 596 3502 b
623 3448 700 3504 Voss.
713 3447 803 3520 Guelf.
818 3465 836 3502 a
851 3449 875 3504 b.
893 3446 932 3519 ef.
955 3447 1066 3503 Vossius
1083 3448 1117 3502 de
1130 3447 1206 3500 anal.
1221 3445 1287 3506 136

170 3547 204 3601 p·
218 3535 278 3587 151.
293 3527 330 3584 II
340 3533 359 3586 8
369 3531 470 3599 pulo.
486 3532 603 3586 uulturis
620 3534 702 3587 ceteri
785 3532 813 3586 in
829 3531 1086 3603 spinisA.Koebtus
1100 3530 1207 3586 Exere.
1223 3533 1284 3586 erit.

169 3631 202 3685 p.
213 3617 246 3671 13
260 3614 330 3668 conl.
355 3613 436 3684 Vero.
452 3612 520 3671 Aen.
547 3613 625 3670 VIII
635 3619 697 3673 645.
720 3616 749 3669 in
771 3616 850 3673 siluis
871 3615 1047 3682 Priscianus,
1078 3615 1154 3669 Voss.
1172 3615 1249 3672 Laid.
1267 3632 1286 3668 u

177 3697 267 3768 Guelf.
275 3698 291 3751 b
299 3695 467 3763 Seruiimui
475 3698 549 3769 quod
557 3699 588 3752 Iu'
596 3699 650 3754 duo
662 3700 776 3770 syluis).
790 3700 818 3753 in
830 3700 938 3769 spineto
948 3700 1007 3754 cod.
1017 3704 1043 3753 et
1049 3699 1091 3753 ed.
1099 3715 1149 3768 pr.
1158 3697 1286 3753 Chumsii.

177 3784 205 3836 iu
220 3797 321 3853 eampo
339 3781 449 3838 Cussell
465 3787 491 3836 et
505 3785 549 3849 (ut
558 3782 680 3850 uidetur)
697 3782 767 3854 Rep.
783 3783 859 3838 Laid.
872 3783 888 3837 b
903 3782 996 3838 Seruii
1078 3783 1225 3848 miserum]
1240 3799 1285 3836 su-

175 3869 271 3938 piuum
287 3866 348 3922 cod.
363 3871 390 3921 et
404 3867 445 3921 ed.
457 3879 506 3937 pr:
522 3866 607 3923 Obur.
625 3873 663 3934 et,
681 3869 803 3938 ascn'pto
824 3868 971 3933 miserum,
993 3867 1063 3938 Rep.
1079 3866 1154 3920 Laid.
1170 3866 1186 3918 b
1202 3865 1283 3922 Seru.

176 3951 396 4022 supiniroussell.
459 3953 488 4006 ln
506 3990 549 4006 ...
568 3952 719 4008 mandebat
731 3967 784 4008 om.
796 3951 909 4024 Guelfia
922 3951 1003 4007 Seru.
1068 3950 1211 4005 hominem
1222 3951 1283 4010 cod.

175 4036 260 4093 Gbur.
278 4054 315 4091 m.
331 4035 360 4090 h.
380 4037 462 4104 (siet)
483 4035 594 4094 Cassell
610 4036 691 4093 Seru.
708 4036 856 4091 hemonem
872 4035 995 4099 Merula.
1019 4036 1090 4090 conl.
1107 4033 1195 4090 Paulo
1210 4034 1286 4090 Festi

169 4138 202 4191 p.
218 4127 269 4179 loo
282 4120 333 4183 M„
429 4124 480 4179 142
494 4113 543 4177 heu
559 4121 629 4193 Rep.
717 4122 846 4191 sepulcro
866 4120 951 4192 Sanp.
969 4119 1107 4174 Halterst.
1132 4119 1281 4189 sepulchro

176 4206 259 4259 ceteri
363 4209 414 4264 14³
432 4212 581 4277 postquam
601 4206 699 4261 Ancus
714 4206 837 4260 blareius
854 4205 893 4260 H.
907 4204 1051 4276 Ilberpius.
1066 4209 1131 4274 post
1147 4209 1194 4259 aut
1209 4204 1283 4260 Illar-

176 4306 226 4345 eus
241 4305 324 4360 quum
338 4289 453 4346 Sumtus
