3112 5040
606 447 838 502 ENNIANAE
1135 455 1284 502 LXXXVII

174 619 275 672 murum
303 618 436 671 mentione
461 618 611 672 orationem
634 617 704 672 odeo
726 616 899 687 mapuificam
924 616 958 670 dc
982 614 1064 669 rebus
1090 615 1124 669 ub
1147 629 1176 669 sc
1202 617 1284 686 pecca

173 737 304 776 exorsum
324 736 392 789 esse,
416 724 530 777 utactio
552 725 690 776 coactaret
710 722 843 775 nemiuem
862 737 991 792 umquam
1012 735 1100 791 acque
1121 723 1216 776 meiius
1234 733 1282 774 ue-

174 841 226 898 puc
245 829 341 882 uatus
362 827 503 882 laudatum
524 841 593 882 esse.
616 827 776 882 dicebantur
791 828 862 880 εηίηι
880 825 916 878 ab
937 827 1030 881 codem
1052 827 1143 880 animo
1163 827 1281 896 inpcuio-

173 947 238 1003 que,
260 949 278 986 α
293 949 346 1003 quo
366 937 442 1006 pecto
465 937 558 999 eruut,
580 934 735 987 staurium
755 932 898 1003 fastidium
914 929 1024 995 uberat,
1047 933 1113 1000 puio
1129 947 1186 1001 pro
1202 933 1281 1001 pcrt-

84 1055 88 1062 ’
173 1039 249 1104 culo,
276 1053 331 1093 uon
349 1039 378 1094 iu
403 1039 519 1109 pieriam
540 1036 744 1107 referebantur.
788 1031 872 1091 Vnde
895 1031 945 1090 ifle
967 1049 1058 1108 graue
1085 1041 1282 1108 argumentum

174 1140 262 1216 petit,
286 1155 389 1197 uersus
413 1137 519 1197 iIIosa
547 1137 702 1215 Scipione,
734 1156 817 1215 quem
848 1155 906 1196 non
932 1137 1072 1196 credibile
1097 1138 1133 1195 sit
1163 1138 1197 1196 ad
1226 1137 1283 1198 boc

175 1260 266 1320 usque
289 1252 402 1319 tempus
430 1245 617 1328 perrexisse,
649 1243 762 1303 alienos
791 1245 818 1302 in
844 1243 993 1303 annalibus
1021 1241 1060 1301 ibi
1088 1243 1136 1302 ubi
1160 1261 1282 1322 progre-

175 1349 257 1408 diens
282 1350 410 1407 narratio
441 1349 476 1408 ad
507 1349 581 1408 hunc
610 1346 705 1406 locum
728 1351 895 1426 peruenerit
924 1349 1074 1427 adpositos
1097 1349 1200 1408 fuisse.
1244 1346 1282 1406 m

174 1463 203 1512 ut
225 1452 299 1512 baec
320 1456 478 1514 conuenire
501 1454 651 1514 annalibus
672 1457 821 1530 concedo,
851 1457 889 1514 ita
916 1473 951 1514 ne
982 1457 1025 1514 sic
1053 1454 1167 1532 quidem
1202 1469 1282 1510 meas

175 1577 245 1636 quas
267 1566 333 1618 ante
361 1561 484 1636 exposui
502 1562 630 1619 rationes
660 1561 833 1636 testiumque
862 1561 1063 1620 auctoritatem
1094 1559 1187 1618 auerti
1215 1575 1281 1636 per·

174 1683 289 1725 suasum
320 1672 374 1724 est.
421 1663 503 1723 Enim
531 1683 603 1724 uero
632 1683 696 1724 eam
723 1684 807 1744 quam
838 1667 938 1746 Scipio
965 1669 1001 1726 de
1030 1665 1124 1743 gloria
1148 1681 1198 1722 sua
1232 1662 1281 1723 ha-

173 1773 232 1831 buit
255 1772 415 1831 orationem
439 1777 528 1848 potita
550 1770 663 1847 dignam
688 1770 787 1830 habuit
810 1790 893 1850 quam
919 1773 1057 1849 singulari
1081 1771 1207 1830 carmIne
1231 1787 1281 1828 ex·

174 1878 326 1955 prImeret:
361 1893 435 1952 quae
468 1894 530 1933 oum
559 1877 681 1936 maxime
713 1878 740 1935 in
768 1879 856 1938 rebus
883 1878 1030 1939 Africanis
1057 1884 1173 1934 uersata
1202 1874 1281 1934 uide·

173 1992 252 2056 atur,
282 1999 320 2040 ex
350 1982 393 2040 eis
427 1981 544 2042 haustas
576 1983 713 2059 quasdam
748 1985 889 2061 imagines
916 1983 1038 2041 orationi
1067 1983 1129 2040 siue
1157 1979 1282 2038 subiecit

174 2089 235 2146 siue
259 2087 416 2164 praemisit.
462 2085 563 2146 Erexit
585 2089 671 2164 igitur
692 2088 800 2148 EnnIus
815 2090 873 2147 boe
895 2096 1037 2164 tamquam
1060 2085 1202 2146 amicitiae
1221 2100 1280 2142 mo-

174 2201 335 2251 numentum
357 2189 488 2267 Scipioni
510 2196 566 2247 tum
594 2195 751 2271 temporis,
782 2211 846 2253 cum
868 2192 995 2250 fortasse
1018 2192 1096 2251 nulla
1124 2190 1189 2249 dum
1213 2207 1281 2268 pars

174 2298 316 2358 annalium
335 2295 493 2375 prodierat.
527 2299 635 2357 Verum
648 2300 682 2359 ad
699 2298 775 2359 aliud
791 2298 904 2358 laudum
923 2313 1016 2371 genus
1034 2296 1108 2355 haec
1119 2297 1281 2372 fragmenta

175 2405 336 2483 pertinent,
366 2423 448 2479 quum
471 2411 575 2462 tautum
594 2413 713 2464 statuam
730 2413 832 2463 statuet
851 2408 972 2479 populus
998 2406 1141 2459 Romanus
1159 2403 1282 2470 Quumue

172 2515 326 2569 columnam
353 2528 424 2585 quae
453 2517 530 2584 teque
551 2517 577 2566 ct
597 2518 642 2568 tua
664 2520 741 2585 pastu
765 2515 891 2583 loquutur
909 2505 1014 2584 (vl1):
1047 2512 1093 2565 uel
1115 2517 1144 2564 tu
1165 2510 1281 2565 dictator

174 2621 220 2676 uel
240 2635 371 2692 equorum
398 2619 567 2690 equitumque
595 2621 725 2689 mapisier
747 2619 814 2673 Esto
842 2618 886 2671 uei
910 2617 1008 2672 consul
1029 2609 1101 2690 (IX)
1125 2620 1153 2669 et
1174 2610 1280 2669 Suidae

176 2722 313 2780 memoria
337 2717 455 2798 (vulp
489 2719 591 2796 quibus
619 2720 712 2797 ipsum
739 2727 855 2796 potitam
890 2716 1086 2795 adpeIIauisse
1114 2717 1281 2794 Scipionem

174 2827 305 2904 adparet.
342 2824 438 2901 Atque
460 2822 505 2881 his
522 2842 596 2882 nunc
621 2841 727 2883 uereor
748 2833 778 2882 ut
799 2832 880 2882 recte
899 2822 975 2880 bunc
993 2821 1089 2880 Iocum
1110 2822 1281 2899 adsignare-

175 2933 243 3006 rim,
267 2932 377 3012 quippe
396 2945 412 2986 a
436 2927 540 3005 quibus
568 2931 668 2990 iniuria
691 2931 766 2990 baeu
790 2928 930 3008 partibuia
954 2931 1046 3002 supa
1067 2934 1166 2986 iuuicte
1189 2926 1280 3002 (dnn.

174 3036 265 3095 lxo.
284 3033 368 3111 XIII)
385 3034 484 3094 diuelli
502 3035 642 3095 uideatur.
680 3035 763 3108 Quae
785 3033 862 3113 quod
888 3051 925 3091 ex
952 3033 1103 3092 annalibus
1132 3033 1281 3111 desumpta

175 3150 266 3216 esset,
293 3141 354 3199 eius
379 3141 422 3198 rei
444 3139 555 3218 Hegias
578 3142 605 3203 id
630 3160 697 3200 esse
720 3141 827 3200 indicio
852 3139 971 3215 putauit,
996 3136 1073 3215 quod
1096 3133 1204 3195 Cicero
1224 3138 1281 3197 hoe

175 3255 318 3322 tamquam
341 3244 489 3321 singulare
509 3246 602 3305 hiatus
624 3246 789 3323 exemplum
811 3245 952 3317 adferret,
975 3244 1002 3300 ni
1024 3241 1124 3300 mirum
1140 3242 1281 3302 annalium

175 3358 282 3408 tantum
310 3365 434 3407 memor:
473 3351 588 3428 quando
615 3369 781 3430 comparem
811 3351 915 3410 hiatum
938 3357 1056 3426 praeter
1085 3347 1203 3406 annales
1226 3348 1282 3408 boc

175 3456 351 3530 epigramma
374 3452 528 3514 exhiberet
550 3463 671 3532 aspicite,
694 3465 807 3529 ociucs,
829 3463 903 3515 acub
921 3458 998 3512 Eunt
1015 3458 1140 3528 imuptuia
1161 3458 1282 3530 formum

176 3557 293 3636 (Epigr.
317 3555 357 3635 1).
403 3556 446 3616 Ac
462 3555 659 3619 Lachmannus
683 3563 798 3639 quidem
814 3562 841 3618 fn
856 3560 940 3619 Luor.
963 3558 1004 3618 III
1021 3559 1101 3620 1034
1117 3560 1192 3618 istud
1207 3561 1281 3618 frus·

176 3664 265 3723 tuium
287 3664 316 3720 in
341 3664 407 3740 ipso
427 3662 598 3740 prohoemio
628 3667 769 3725 annalium
796 3682 853 3723 non
880 3662 996 3722 muitum
1020 3673 1086 3722 ante
1108 3664 1178 3723 iliud
1205 3665 1282 3741 quod

175 3769 234 3828 dini
256 3769 448 3843 fragmentum
467 3789 550 3843 quum
572 3779 675 3829 tonum
694 3765 810 3828 auduom
832 3787 859 3826 e.
884 3786 912 3845 q.
936 3786 960 3826 s.
983 3769 1075 3826 fuisse
1100 3767 1281 3845 opinabatun

175 3874 258 3947 Quos
280 3892 385 3934 uersus
405 3893 468 3932 eum
490 3875 649 3934 concedam
673 3871 740 3932 olim
763 3890 839 3933 nexu
862 3875 986 3952 quodam
1009 3873 1194 3947 cohaesisse,
1221 3875 1282 3950 qui·

177 3979 232 4038 bus
259 3981 287 4038 in
313 3981 389 4038 idem
418 3982 594 4040 consortium
620 3979 695 4039 addo
722 3979 783 4038 Sat.
806 3979 846 4040 III
873 3982 910 4039 fr.
933 3979 1010 4039 VIII.
1038 3978 1096 4053 IX,
1125 3988 1220 4037 tamen
1247 3979 1283 4038 de

175 4083 346 4161 prohoemio
370 4087 510 4146 dissentio
532 4089 586 4161 ita,
608 4095 638 4144 ut
656 4087 731 4146 haec
753 4088 847 4146 omnia
862 4086 956 4145 malim
973 4088 1002 4143 in
1022 4101 1099 4143 nono
1114 4081 1208 4142 annali
1227 4080 1284 4141 boc

175 4197 221 4249 est
244 4189 284 4249 ibi
307 4191 354 4250 ubi
378 4192 526 4270 Scipionis
556 4208 605 4250 res
628 4192 817 4252 narrabantur
847 4191 1012 4252 conlocari:
1044 4191 1099 4248 nisi
1119 4189 1196 4248 forte
1225 4188 1282 4246 boo
