2984 5032
482 429 708 486 ENNIANAII
1090 433 1151 486 LXI

137 595 181 659 Fr,
206 591 273 652 XIX
294 597 436 667 solporeos
459 598 552 664 posuit
576 597 729 666 spiramina
752 593 838 650 Naris
863 596 902 649 ad
926 597 1034 668 undas,
1069 595 1151 652 ouius

92 717 166 756 nsum
206 699 334 757 editores
366 713 423 755 uon
461 697 647 774 indagarunt,
688 694 799 768 Hugius
833 695 934 754 neseio
970 715 1055 774 quem
1094 697 1150 756 dioi

92 802 205 877 urebat,
233 805 281 879 qui
305 802 341 862 ad
368 799 454 860 Naris
483 799 573 858 undas
598 807 720 856 mortem
749 797 870 857 ohierit:
898 799 956 860 hoa
984 805 1058 862 enim
1081 803 1151 862 lllod

92 927 120 966 se
142 907 216 986 quod
238 915 327 986 poeta
349 907 426 966 dieat
446 909 602 980 spiramina
617 908 727 976 pusicius
748 919 918 981 quamquam
940 909 1003 966 eius
1025 908 1149 968 locutio-

92 1033 96 1068 ι
131 1013 289 1090 exemplum
322 1027 379 1069 non
408 1009 527 1086 repperi
556 1015 675 1085 praeter
700 1006 759 1066 hoo
788 1009 865 1084 quod
895 1010 1031 1070 Valerius
1060 1010 1150 1072 Maxi·

91 1137 113 1175 us
140 1116 192 1175 VII
213 1115 248 1191 8,
273 1115 291 1175 8
317 1115 386 1174 dioit
408 1120 535 1189 spiritum
556 1118 659 1186 posuit.
719 1110 764 1169 De
789 1110 895 1173 Narnia
921 1116 1036 1176 oolonia
1066 1137 1151 1196 quam

96 1240 160 1280 uo.
182 1221 241 1281 453
270 1222 298 1278 in
328 1218 409 1278 hello
432 1217 588 1276 Samnitico
617 1217 704 1276 tertio
732 1216 885 1278 deductam
914 1238 982 1279 esse
1008 1221 1152 1280 hluiusX

126 1335 234 1400 narrat,
273 1322 396 1397 eogitari
427 1323 543 1398 nequit,
582 1321 635 1378 nisi
666 1321 729 1397 quis
754 1338 807 1398 pro
834 1319 889 1381 VII
921 1329 1067 1401 reponere
1096 1323 1151 1385 llll

91 1429 130 1487 lit.
174 1427 218 1488 Gi.
240 1425 379 1486 Martialis
396 1427 489 1503 epigr.
507 1425 561 1484 Vll
575 1425 616 1484 93
640 1429 750 1484 Narnia
771 1431 922 1501 sutprburco
943 1449 1026 1501 quam
1046 1437 1153 1504 pnrpite

92 1539 182 1592 ualidus
201 1538 290 1591 amnis
311 1535 421 1589 Circuit.
469 1530 515 1588 De
534 1528 611 1590 Nare
630 1529 718 1589 lluuio
737 1530 804 1590 ulde
823 1531 984 1607 Vergilium
1003 1531 1077 1591 Aen.
1098 1532 1152 1592 VII

93 1641 110 1696 7
133 1647 161 1696 et
180 1637 310 1697 Seruium
331 1636 359 1692 iu
378 1634 406 1692 h.
425 1635 445 1692 l.

132 1742 196 1802 Duo
218 1759 293 1819 quae
319 1748 468 1816 postremo
497 1739 565 1798 loco
594 1739 694 1815 posui:
723 1749 883 1798 moseseunt
906 1743 1027 1814 fraudes
1052 1743 1067 1820 (
1123 1746 1150 1822 )‚

92 1846 127 1906 od
145 1847 295 1906 frustulum
318 1844 488 1902 hariolando
511 1844 608 1920 possis
627 1844 682 1902 hao
702 1861 739 1902 ex
760 1843 879 1902 incertis
897 1845 1039 1922 particula
1065 1855 1154 1907 terrai

92 1957 201 2027 rpiferai
221 1951 292 2029 (ino.
317 1948 379 2008 sed.
400 1946 497 2026 XXX)
520 1949 548 2006 in
565 1949 708 2024 integrum
727 1947 924 2006 hexametrum
943 1952 1099 2028 supplere,
1122 1962 1151 2011 et

93 2064 171 2132 piquc
192 2062 319 2131 cupressi
339 2058 419 2114 Stant
439 2062 521 2113 rectis
541 2058 615 2129 foliis
631 2065 657 2112 et
674 2073 772 2112 amaro
790 2071 908 2127 corpore
926 2057 1030 2113 bunum
1051 2055 1150 2135 (XXI)

115 2161 182 2218 oIIm
211 2160 326 2238 quidem
354 2158 469 2235 longius
500 2159 629 2217 seiuncta
658 2156 748 2216 iuisse
777 2158 919 2218 uidentur.
970 2158 1001 2217 In
1031 2153 1169 2237 quorum'

92 2265 226 2322 mortium
246 2263 354 2323 addere
376 2282 413 2322 ex
434 2265 554 2322 incertis
572 2262 699 2322 iortasse
722 2263 807 2320 etiam
828 2261 902 2321 haec
922 2262 1008 2322 licet:
1027 2272 1151 2340 populea

92 2388 111 2425 as
138 2368 210 2443 (ino.
233 2368 295 2428 sed.
318 2366 455 2446 XCVIII)
484 2377 513 2426 et
542 2388 603 2427 cum
630 2374 700 2427 soles
728 2372 836 2425 tandem
864 2372 975 2441 faciunt
1003 2374 1153 2444 lonpneerc

92 2493 124 2547 pe
147 2473 219 2549 (ino.
245 2473 307 2532 sed.
331 2471 453 2551 XXXI).

129 2576 263 2655 Denique
291 2577 414 2636 uerhulo
442 2592 574 2634 moneam
599 2574 693 2634 adhuo
715 2574 829 2633 duobus
856 2593 893 2634 ex
915 2577 1034 2637 incertis
1061 2596 1150 2656 posse

93 2691 172 2741 tasse
203 2685 232 2741 in
262 2682 320 2741 hoo
348 2681 422 2740 lihro
451 2681 547 2740 locum
577 2680 717 2740 concedi:
752 2679 818 2739 dieo
853 2681 888 2745 lr.
913 2681 1024 2742 XXVII
1052 2689 1151 2744 labiim

94 2797 127 2843 uu
155 2793 255 2844 carina
277 2807 334 2863 per
361 2807 483 2863 aequora
512 2806 583 2844 canu
611 2792 708 2845 celocis
733 2792 762 2842 et
784 2784 819 2842 lr.
843 2783 940 2844 XXIX
962 2791 1152 2849 Brundusium

94 2913 140 2950 cro
156 2897 350 2966 praecinctum
366 2901 502 2966 praepete
512 2901 632 2965 portast.
677 2888 801 2966 Propter
821 2890 953 2949 celocem
974 2895 1050 2952 enirn
1073 2910 1150 2952 oom-

94 3006 231 3055 moratam
255 2997 307 3075 (de
329 2997 433 3056 eelooe
455 2995 523 3054 uide
543 2995 629 3054 etiam
647 2993 770 3054 Gellium
790 2994 818 3053 X
836 2994 875 3054 25
897 3005 926 3054 et
948 2997 1064 3058 Suidam
1086 3016 1109 3056 s.
1123 3018 1150 3057 u.

95 3103 145 3178 ης)
169 3119 235 3160 oum
256 3100 338 3160 linnii
360 3119 463 3175 uersu,
487 3117 572 3177 quam
594 3100 705 3157 incerte
727 3099 793 3175 lpse
815 3099 920 3174 uideo,
954 3102 1105 3179 composui
1134 3119 1150 3158 a

95 3206 178 3263 uisio
198 3205 226 3264 Il
245 3225 273 3284 p.
291 3207 350 3268 183
365 3206 396 3266 Ρ.
420 3225 436 3264 e
455 3204 550 3264 coelii
568 3202 751 3262 historiarum
774 3204 866 3280 primo
886 3205 1018 3265 traditam
1039 3222 1144 3265 memo·

95 3327 127 3367 u:
161 3313 342 3386 Sempronius
362 3317 489 3388 Lilybaeo
517 3314 632 3369 celocem
654 3313 683 3365 ln
704 3311 832 3384 Africam
853 3317 930 3368 nu'ttit
950 3317 1041 3368 uisere
1063 3314 1151 3369 locum

108 3422 265 3474 exercitum
285 3427 416 3490 exponat.
457 3415 502 3475 De
524 3431 557 3471 re
579 3411 617 3470 ei.
640 3410 791 3486 Polybium
807 3411 820 3471 1
836 3412 886 3474 39.
926 3414 971 3474 De
990 3413 1150 3473 Brundusio

96 3536 137 3576 em
163 3537 283 3579 uersum
306 3537 363 3579 non
390 3522 428 3579 ita
457 3515 640 3594 improbabile
668 3524 713 3574 est
735 3517 774 3575 ihi
801 3527 917 3596 poetam
939 3519 1079 3578 extulisse
1101 3518 1149 3577 uhi

96 3623 189 3682 >niam
208 3635 334 3685 exeunte
349 3625 429 3684 hello
446 3623 553 3683 Panloo
570 3623 662 3698 primo
687 3620 741 3696 (oi.
758 3622 828 3681 hiuii
846 3623 916 3682 XIX
932 3623 1089 3702 periocha)
1113 3604 1165 3680 eo'

98 3736 197 3786 uotam
220 3738 365 3805 tangeret.

127 3830 308 3892 Octauum
330 3833 492 3891 annalem
512 3837 601 3910 po'eta
620 3832 648 3890 in
666 3832 755 3892 rebus
774 3833 990 3894 Hannibalis
1010 3829 1148 3913 inpendit,
1272 3859 1273 3864 1

98 3959 101 3990 s
128 3937 189 3996 hoo
217 3937 326 3996 hellam
353 3936 500 3997 incohauit
527 3939 584 3999 hoo
606 3939 698 4014 libro,
729 3942 792 4000 siue
819 3940 890 3999 belli
912 3939 1006 4018 quasi·
1024 3936 1150 4014 prohoe-

98 4060 124 4098 m
149 4044 178 4100 in
198 4041 337 4120 Hispania
358 4050 453 4100 aetum
475 4042 531 4100 ianr
551 4043 579 4100 io
601 4044 724 4120 septimo
747 4045 891 4120 exposuit.
937 4041 982 4101 cf.
1006 4059 1034 4118 p.
1052 4041 1150 4101 tvlss.
1273 4114 1276 4120 .

101 4164 139 4204 ue
163 4147 193 4204 ln
218 4147 315 4204 limine
344 4145 427 4204 huius
455 4145 521 4204 lihri
536 4164 647 4205 uersus
671 4149 754 4224 posui
783 4163 837 4205 eos
864 4145 967 4223 quihus
990 4152 1079 4222 posta
1100 4146 1150 4205 de*

99 4249 197 4308 ahiles
228 4248 300 4308 helli
328 4250 507 4310 calamitates
534 4266 591 4309 noo
613 4248 684 4332 [sine
712 4252 815 4324 uigore
843 4248 974 4326 depinxit
1004 4249 1056 4327 (II.
1076 4248 1149 4330 III):
