2984 5048
637 445 991 504 TRAGOEDIARVM
1036 465 1043 474 ·

744 612 819 684 Vlll
834 609 875 650 *¹*

705 731 734 800 A
786 753 915 802 memno

268 842 331 905 265
358 833 443 926 'ligo
468 833 650 926 proiectos,
678 754 832 930 quillatu
856 855 993 927 peccas:
1026 835 1062 904 tt
1091 835 1303 929 delinquiS,
1336 855 1403 925 ego
1454 832 1461 929 ζ

917 938 954 1008 ir
1004 939 1066 1008 ori
1283 951 1291 958 ’
1457 929 1466 983 '¹

357 1041 424 1112 Pro
441 1040 623 1112 malefactis
641 1041 769 1113 Helena
787 1044 916 1127 redeat,
936 961 1037 1134 uirugo
1054 1045 1168 1134 pereat
1186 1038 1404 1111 innocens?

358 1143 431 1216 Tria
447 1145 676 1216 reconcilietur
692 1169 794 1231 uxor,
822 1145 897 1216 mea
916 1147 1052 1216 necetur
1071 1144 1163 1215 lilia?

831 1279 848 1316 a

358 1397 427 1574 ξὶὁῗ
447 1397 559 1514 reduci
578 1398 676 1491 quim
697 1281 852 1494 retiddiri,
877 1398 997 1472 deuehi
1018 1423 1116 1494 quam
1135 1399 1260 1470 deseri

393 1524 413 1572 a
425 1524 468 1571 ιιι.

761 1602 794 1673 X
810 1601 852 1641 a*
1466 1647 1467 1652 .

271 1728 334 1789 270
361 1719 428 1790 lam
448 1718 683 1790 domuitionem
704 1720 806 1814 reges
826 1721 964 1794 Atridae'
983 1691 1110 1814 parant.
1466 1569 1469 1756 l

255 1919 420 1970 nuntiatione.
451 1921 548 1972 Ennius
561 1922 588 1970 in
601 1921 737 1988 Iphigenia
754 1925 808 1972 ...'
879 1923 941 1975 Vlll
959 1923 1108 1973 Rufinianus
1122 1921 1185 1972 ibid.
1200 1922 1217 1983 S
1230 1918 1276 1969 37
1292 1934 1323 1984 p.
1339 1918 1390 1968 222
1469 1908 1470 1946 t

255 1985 357 2040 Ruhnk.
379 1991 518 2055 ‘syncrisis
537 1990 593 2041 siue
607 1989 757 2053 antithesis,
778 1995 935 2060 comparatio
954 2007 1038 2043 rerum
1054 1999 1130 2055 atque
1141 2003 1331 2058 personarum
1351 1988 1388 2035 in-

254 2068 293 2108 ter
307 2074 335 2110 se
349 2061 544 2122 contrariarum,
564 2069 605 2110 ut:
625 2061 686 2127 ego’
706 2079 728 2112 e.
746 2079 770 2125 q.
785 2079 807 2112 s.
843 2065 897 2114 llue
914 2064 993 2115 relert
1011 2062 1135 2113 Columna
1204 2059 1245 2108 IX
1274 2059 1389 2107 Diome-

255 2129 301 2179 des
323 2130 345 2178 ll
367 2145 395 2196 p.
415 2131 464 2181 441
483 2131 512 2181 Ρ.
538 2121 780 2195 ‘dpotoeiieucor‘
805 2133 936 2184 Charisius
955 2135 990 2184 IV
1014 2148 1040 2198 p.
1061 2131 1110 2182 251
1134 2130 1162 2180 P.
1193 2128 1265 2196 (167
1288 2123 1386 2186 Lind.)

256 2187 498 2262 ‘ipotass'ieeror'
520 2200 634 2250 Donatus
647 2199 679 2250 de
695 2201 866 2254 schematibus
880 2219 908 2270 p.
926 2205 993 2254 1774
1004 2202 1032 2251 P.
1055 2200 1103 2267 (3⁶2
1114 2197 1204 2263 Liad.)
1226 2186 1386 2262 ‘o‘ptoaosi
1468 2214 1471 2281 p

255 2267 366 2316 iavror’
396 2269 467 2319 Reda
485 2268 599 2318 inRhet.
614 2269 669 2318 Lat.
684 2270 750 2320 Pith.
767 2288 793 2338 p.
808 2272 860 2324 345
879 2263 1117 2337 ‘dpototdievror’
1151 2268 1268 2318 Ennium
1293 2271 1386 2315 aueto-

256 2353 309 2387 rem
328 2338 442 2403 appellat
461 2338 531 2388 solus
546 2338 699 2398 Diomedem
721 2341 852 2393 Ennianae
864 2343 1015 2409 Iphigeniae
1033 2339 1146 2390 attribuit
1163 2338 1192 2388 0.
1208 2335 1383 2386 Ribbeekius

255 2407 321 2457 conl.
335 2408 394 2457 Eur.
410 2406 461 2459 372
476 2408 528 2460 495
542 2409 593 2460 515
662 2407 1159 2470 xRhet.ad1terennium111·al,34
1184 2410 1259 2456 ‘eum
1284 2405 1383 2456 uerbo-

255 2493 311 2526 rum
329 2477 511 2528 similitudines
526 2478 681 2545 imaginibus
696 2481 839 2544 exprimere
857 2482 987 2542 nolemus,
1006 2481 1065 2546 plus
1084 2478 1179 2545 negotii
1196 2477 1381 2542 suscipiemus

255 2553 280 2598 et
297 2548 380 2614 magis
401 2549 531 2613 ingenium
549 2555 662 2598 nostrum
683 2551 867 2600 exercebimus.
904 2552 932 2601 ld
946 2565 992 2601 nos
1005 2550 1054 2601 hoc
1072 2547 1148 2598 modo
1164 2547 1249 2596 lacere
1270 2553 1381 2611 oporte·
1471 2549 1472 2558 ¹

256 2618 306 2667 bit:
327 2617 389 2667 iam
458 2627 585 2682 parant.
615 2619 643 2668 ln
660 2619 743 2684 primo
759 2619 814 2669 loco
829 2622 982 2672 constituere
998 2626 1097 2685 oportet
1111 2632 1202 2668 manus
1220 2615 1255 2666 ad
1271 2614 1380 2665 caelum

256 2686 387 2736 tollentem
399 2687 553 2748 Domitium,
573 2703 630 2738 cum
645 2689 776 2754 aregibus
790 2690 891 2739 Marciis
905 2691 966 2740 loris
986 2689 1114 2739 caedatur.
1151 2687 1205 2736 Hoc
1224 2687 1291 2735 erit:
1315 2685 1377 2733 iam
1471 2735 1472 2742 χ

257 2756 492 2808 domuitionem
512 2772 614 2824 reges.
650 2757 678 2806 In
693 2757 772 2809 altero
788 2759 844 2810 loco
858 2761 1019 2826 Aesopum
1033 2756 1233 2810 etCimbrum
1252 2755 1379 2805 subor-

256 2841 332 2876 nare
346 2825 554 2891 Iphigeniam
572 2825 664 2876 uelut
683 2836 817 2894 agentes
836 2829 1103 2896 Agamemnonem
1124 2834 1154 2876 et
1175 2825 1377 2876 Menelaum.

256 2895 386 2947 lloeerit:
407 2896 678 2962 Atridaeparaut.
704 2897 757 2947 Hoc
771 2899 846 2949 modo
861 2901 947 2949 omnia
960 2899 1039 2950 uerba
1054 2904 1127 2948 erunt
1142 2895 1286 2962 expressa!
1317 2892 1376 2960 (Sic
1471 2905 1472 2942 t

256 2964 287 3016 0.
306 2963 472 3015 Ribbeekius.
503 2966 685 3016 subornari
706 2975 736 3016 ut
754 2967 791 3017 ad
816 2968 1026 3035 ephigeniam
1048 2967 1078 3016 in
1103 2976 1377 3032 agamemnonem
1470 2975 1472 3030 t

256 3043 287 3085 et
304 3034 484 3084 menelaum
503 3036 559 3086 Par.
579 3035 701 3085 Bamba
722 3037 803 3096 Fris,
828 3039 878 3087 nisi
899 3039 967 3102 quod
988 3036 1144 3088 menalam
1167 3035 1232 3083 Fris.
1253 3034 1375 3084 subor-

256 3105 326 3156 nari
346 3111 379 3152 ut
402 3104 440 3155 ad
465 3105 674 3173 ephigeniam
698 3105 728 3154 in
751 3122 883 3172 agamen
910 3105 975 3158 riem
999 3109 1024 3156 it
1046 3105 1221 3156 menelaum
1242 3101 1373 3153 Wuerzb.
1470 3119 1472 3210 4

256 3175 428 3225 subornari
446 3183 481 3224 nt
499 3176 549 3226 uel
566 3182 738 3242 uagantem
759 3177 967 3243 ephigeniam
987 3177 1091 3244 (ceteris
1106 3171 1222 3238 omissis)
1236 3173 1332 3224 Bamb.
1348 3172 1373 3219 b.
1471 3215 1472 3224 ι

256 3245 429 3295 subornari
452 3253 487 3294 ut
507 3247 547 3296 ad
569 3244 786 3311 ephygeniam
804 3247 1025 3313 aduagantem
1045 3258 1321 3312 agamemnonem
1342 3249 1372 3290 et
1471 3293 1472 3314 Χ

256 3314 441 3366 menelaum
460 3316 547 3366 Troes.
576 3315 751 3366 subornari
776 3323 807 3365 ut
835 3315 1044 3383 ephigeniam
1066 3322 1240 3382 uagantem
1262 3311 1373 3379 (ceteris
1471 3317 1472 3322 ’

257 3441 459 3454 .....-.---

299 3510 351 3565 265
375 3505 515 3577 delinquis
530 3501 696 3576 Stephanus.
711 3502 858 3576 delinquas
877 3506 936 3560 ‘ecl
950 3508 1043 3562 uetus’
1129 3511 1158 3560 ut
1176 3515 1230 3576 ego
1251 3503 1369 3575 plectar,

257 3599 286 3647 tu
302 3591 467 3661 delinques;
492 3597 521 3644 tu
536 3604 649 3660 pecces,
665 3604 719 3660 ego
735 3586 857 3662 arguar?
871 3589 1014 3646 Personas
1027 3591 1127 3646 Tracta
1145 3587 1204 3644 and
1216 3591 1293 3644 misc.
1307 3588 1370 3642 crit.

251 3695 284 3750 p.
307 3681 360 3736 303
380 3675 464 3733 Kidd.
552 3669 675 3746 arguor?
696 3675 749 3728 Pro
771 3673 911 3747 Berplcius
932 3676 950 3729 l.
975 3677 993 3730 l.
1012 3693 1045 3747 p.
1069 3672 1160 3730 XIII.
1190 3689 1295 3746 arguor
1316 3686 1367 3744 pro

256 3762 337 3834 uulgo
433 3761 485 3820 267
516 3773 578 3812 mea
606 3763 720 3813 necetur
744 3759 802 3815 fitia
829 3760 969 3817 Columna.
994 3776 1058 3814 mee
1081 3764 1199 3831 negetur
1222 3757 1279 3813 filia
1305 3771 1369 3811 mea

257 3845 314 3902 ‘ed
332 3847 424 3902 aetes'
509 3845 563 3901 168
583 3842 636 3896 hos
652 3841 794 3899 Charisius
881 3843 978 3900 reduci
997 3843 1136 3901 Diomedis
1153 3843 1217 3899 titii·
1232 3860 1250 3898 a
1265 3841 1366 3897 Linde

257 3947 358 3987 manno
373 3929 412 3985 eti
425 3927 510 3985 Char.
531 3927 549 3980 1.
564 3927 582 3981 1.
601 3928 692 3991 asciti,
715 3928 819 3983 Donati
832 3929 891 3984 cod.
909 3928 1094 3998 Santeeionus
1111 3946 1147 3986 m.
1165 3929 1228 3995 ait,
1252 3925 1370 3984 Charisii

257 4017 301 4072 ed.
308 4033 359 4087 pr.
376 4013 473 4071 seduci
492 4011 612 4068 Charisii
625 4010 686 4066 cod.
702 4010 804 4066 deduci
819 4014 892 4086 ιιιιῖρ.
907 4011 991 4070 Char.
1006 4019 1032 4070 et
1043 4013 1133 4069 Diem.
1150 4011 1248 4081 reuehi
1266 4009 1368 4068 Donati

257 4100 318 4158 cod.
332 4100 411 4156 Sent.
426 4115 463 4153 m.
474 4115 523 4169 pr.
610 4095 693 4150 deuei
710 4113 792 4168 quam
810 4089 904 4152 deseri
919 4095 988 4152 Par.
1004 4115 1023 4153 a
1038 4097 1186 4154 monadis.
1202 4097 1268 4152 tleui
1284 4111 1364 4167 quam

259 4185 352 4240 deseri
375 4184 436 4240 cod.
457 4182 585 4240 Charisii.
609 4179 728 4252 denique
750 4180 844 4237 deseri
866 4183 910 4238 ed.
929 4199 980 4255 pr.
1004 4181 1131 4239 Charisii.
1160 4181 1258 4237 reuehi
1284 4197 1363 4252 quam

260 4269 353 4325 deseri
375 4267 455 4324 Beda
540 4267 593 4326 170
615 4263 814 4321 domuitionem
840 4265 983 4323 Victorius.
1010 4267 1085 4322 domi
1105 4268 1235 4322 ultionem
1252 4273 1364 4338 utroque

258 4355 317 4412 ioco
332 4353 408 4425 libri,
430 4353 484 4408 nisi
495 4351 569 4424 quod
581 4351 668 4407 altero
686 4349 771 4406 domu
786 4351 905 4408 ultiones
926 4351 1055 4408 Wherzb.
1073 4358 1099 4408 et
1112 4351 1182 4408 Per.
1198 4367 1236 4406 m.
1245 4365 1296 4424 pr.
