2984 5032
252 455 361 503 Lxxlv
654 443 966 512 QVAESTlONES

253 613 364 690 plorat:
396 628 468 685 puae
492 627 534 667 mo
553 611 669 684 fortuna
697 610 823 682 ferocem
852 613 989 668 Contudit:
1018 613 1128 684 indigno
1154 613 1221 668 balio
1245 615 1369 686 confecit

253 721 352 778 acerbo
375 713 484 792 (Vlll).

339 821 513 893 Quintum
540 817 718 876 decimum
747 817 920 876 annalem
951 818 1020 876 olim
1049 815 1227 881 intellectum
1258 833 1304 882 est
1335 826 1363 882 iu

255 930 352 1008 primis
371 925 503 985 Fuluio
526 922 720 982 Nobiliori
741 923 865 982 dicatum
887 943 965 984 esse.
1012 923 1099 985 Guius
1122 925 1176 983 uiri
1196 925 1245 1002 hie
1270 936 1360 1005 potita

255 1035 378 1095 amicitia
401 1031 550 1091 fruebatur
566 1047 688 1106 eumque
708 1029 735 1086 iu
753 1028 897 1088 Aetoliam
913 1033 1065 1091 comitatus
1088 1039 1133 1090 est
1149 1049 1206 1090 non
1221 1031 1361 1093 militandi

256 1157 362 1213 causa,
382 1147 411 1197 ut
424 1135 531 1196 Cicero
550 1137 589 1194 ait
600 1134 679 1193 Bruti
698 1133 748 1210 20,
763 1135 802 1194 79
821 1145 851 1194 ct
873 1155 926 1214 pro
940 1137 1047 1197 Archia
1068 1137 1117 1213 ll,
1139 1137 1190 1214 27,
1211 1141 1265 1199 sed
1283 1141 1363 1218 quod

255 1243 373 1304 Fuluius
394 1241 538 1319 ingeniosi
559 1247 667 1318 potitae
689 1244 837 1302 consortio
860 1262 897 1302 ne
912 1245 988 1301 inter
1001 1242 1124 1303 bellicas
1140 1244 1255 1321 quidem
1273 1261 1363 1305 occu-

255 1353 388 1430 pationes
412 1365 514 1408 carere
533 1346 634 1405 uoluit.
658 1344 761 1424 Neque
785 1355 879 1408 tamen
900 1349 927 1408 id
953 1348 1071 1410 Catonis
1092 1351 1265 1428 uituperium
1290 1353 1366 1412 etru-

168 1438 171 1444 ’
255 1458 307 1532 git,
324 1458 372 1533 qui
389 1463 465 1514 teste
479 1450 624 1512 cicerone
639 1451 742 1529 (Tusa.
759 1453 832 1531 disp.
853 1452 910 1533 12)
927 1456 955 1512 in
967 1458 1099 1516 oratione
1116 1467 1217 1517 contra
1230 1455 1367 1515 Fuluium

255 1560 350 1620 habita
367 1559 421 1637 (ci.
439 1558 566 1617 Ritterus
578 1556 700 1634 Ephem.
719 1559 807 1635 antiq.
820 1557 945 1620 Darmst.
959 1580 984 1620 a.
1006 1563 1085 1624 1840
1104 1581 1132 1641 p.
1147 1561 1224 1642 381)
1243 1564 1367 1641 publice

254 1686 318 1726 eum
333 1665 411 1745 quod
434 1672 538 1751 poetas
560 1664 691 1723 duxisset
709 1664 736 1722 in
757 1666 933 1742 prouinciam
957 1669 1154 1746 reprehendit.
1193 1669 1231 1727 At
1252 1669 1367 1728 Ennius

254 1775 346 1832 amico
366 1789 431 1846 suo,
451 1771 497 1830 cui
519 1772 604 1830 etiam
622 1773 766 1830 ciuitatem
779 1770 936 1833 Romanam
958 1784 1109 1852 acceptam
1131 1774 1296 1850 referebat,
1319 1777 1365 1834 in·

254 1878 391 1955 signioris
407 1876 499 1936 laudis
515 1887 727 1936 monumentum
744 1880 771 1936 in
785 1878 934 1938 annalibus
952 1884 1058 1957 posuit.
1103 1880 1145 1939 lta
1162 1881 1237 1938 enim
1254 1877 1365 1940 Cicero

255 2001 308 2061 pro
322 1983 430 2042 Archia
450 1982 480 2057 9,
504 1981 559 2042 22:
581 1996 611 2042 ot
624 1991 664 2042 eis
678 1988 804 2043 laudibus
816 1995 890 2043 certe
909 2006 964 2045 non
985 1991 1072 2044 solum
1091 1991 1150 2060 urse
1168 1993 1217 2062 qui
1230 1991 1365 2045 laudatur

254 2095 400 2148 sedetiam
416 2096 517 2165 popuii
528 2095 650 2150 Romani
669 2109 768 2148 nomen
786 2100 913 2176 aguntur.
956 2093 993 2148 In
1016 2096 1122 2150 caelum
1142 2095 1223 2150 huius
1233 2112 1365 2166 proauus

257 2200 321 2255 Cato
342 2201 458 2254 tollitur:
488 2213 603 2270 maguus
625 2197 710 2252 bonos
724 2201 823 2270 populi
842 2199 965 2256 Romani
983 2202 1065 2256 rebus
1086 2201 1252 2274 adiungitur.
1298 2201 1357 2256 Om-

254 2317 303 2358 nes
324 2303 439 2374 deniquo
465 2306 507 2360 illi
522 2303 656 2374 Maximi,
685 2303 827 2380 Marcelli,
855 2305 952 2362 Fuluii
978 2324 1033 2362 non
1060 2309 1119 2362 sinc
1146 2309 1283 2362 communi
1306 2325 1359 2364 om-

254 2412 328 2464 nium
357 2414 480 2466 nostrum
516 2413 599 2468 tande
633 2413 810 2467 decorantur.
862 2414 938 2484 Erpa
965 2414 1040 2468 ilium
1069 2415 1116 2485 qui
1146 2413 1215 2468 haec
1246 2414 1362 2485 fecerat,

254 2515 395 2572 Rudinum
415 2517 549 2572 hominem
570 2531 597 2570 e.
617 2531 645 2590 q.
666 2531 702 2588 s.,
726 2522 754 2572 et
771 2513 906 2573 Aurelius
923 2514 1026 2572 Victor
1044 2514 1081 2574 de
1103 2515 1172 2574 uiris
1194 2515 1360 2574 inlustribus

255 2618 311 2676 52:
337 2617 390 2696 (M.
415 2617 548 2698 Fuluius)
577 2625 674 2679 consul
693 2624 801 2679 Aenios
830 2665 837 2678 .
861 2665 868 2678 .
892 2664 898 2679 .
921 2626 1038 2697 proeliis
1065 2625 1256 2697 frequentibus
1277 2628 1360 2682 uictos

255 2735 280 2784 et
306 2731 334 2782 in
362 2729 539 2783 Ambraciam
567 2729 697 2800 oppidum
725 2735 834 2786 coactos
864 2732 892 2784 in
918 2731 1078 2799 deditionem
1108 2733 1242 2802 accepit.
1268 2771 1274 2786 .
1297 2772 1304 2785 .
1327 2733 1359 2786 de

254 2833 350 2905 quibus
379 2835 570 2907 triumphauit:
607 2853 708 2908 quum
734 2836 926 2890 uictoriam
954 2851 1021 2907 per
1054 2852 1091 2891 se
1127 2840 1360 2910 magnificam

255 2941 288 3008 Q.
320 2941 456 2996 Ennius
481 2943 617 2996 amicus
644 2942 723 2996 eius
748 2942 886 3012 insigni
912 2926 1019 2997 laude
1048 2943 1264 3000 celebrauit.
1314 2943 1358 3002 Ad

254 3043 328 3102 hanc
350 3050 461 3117 autam,
490 3061 565 3118 quae
588 3060 683 3101 rerum
713 3042 853 3102 aFuluio
879 3050 1027 3117 gestarum
1050 3045 1277 3105 luculentissima
1299 3048 1358 3122 luit,

255 3150 435 3210 obsidionem
456 3149 638 3224 Ambraciae,
662 3148 698 3208 de
722 3166 777 3227 qua
799 3149 845 3208 adi
862 3148 970 3207 Liuium
991 3149 1143 3211 XXXVlll
1164 3151 1292 3228 3-11,
1316 3172 1359 3212 re-

256 3255 320 3314 iero
345 3273 420 3334 quae
454 3257 488 3316 ad
519 3256 594 3315 hunc
624 3256 755 3315 annalem
779 3256 902 3332 ascripsi
930 3254 1091 3332 fragmenta
1122 3260 1215 3318 omnia
1244 3269 1366 3337 praeter

256 3364 393 3439 quintum,
410 3363 519 3439 dequo
537 3362 704 3440 quaerendo
723 3359 793 3419 nihil
810 3361 992 3436 inuestigaui.
1038 3362 1082 3421 Ac
1103 3363 1166 3423 dcl
1188 3374 1217 3425 et
1235 3365 1262 3425 ll
1283 3366 1358 3442 irag·

256 3469 358 3528 mentis
372 3467 444 3526 Liuii
468 3483 552 3544 quam
574 3466 734 3542 significaui
756 3466 882 3525 narratio
900 3465 1030 3525 dubitare
1053 3485 1110 3526 nou
1128 3471 1204 3529 sinit.
1249 3472 1294 3532 De
1310 3470 1358 3545 lll,

258 3592 273 3632 a
297 3589 355 3651 quo
375 3571 415 3631 lv
436 3581 465 3630 ut
488 3571 560 3630 inira
584 3571 677 3630 dicam
700 3590 756 3630 non
780 3572 867 3632 debet
889 3571 1005 3646 diuelli,
1027 3591 1076 3632 res
1102 3582 1147 3632 est
1164 3593 1200 3634 eo
1222 3577 1360 3636 incertior

257 3679 333 3757 quod
356 3677 533 3753 Histrorum,
564 3695 637 3756 quos
659 3677 824 3739 Macrobius
847 3678 907 3736 Sat.
931 3675 971 3734 Vl
994 3676 1013 3734 2
1035 3697 1063 3756 p.
1088 3679 1148 3738 514
1170 3683 1234 3742 Jan.
1255 3681 1358 3757 adfert,

256 3805 351 3864 neque
366 3786 393 3844 in
410 3786 473 3843 eius
488 3785 566 3844 urbis
583 3785 801 3862 oppugnatione
821 3801 877 3843 nee
894 3785 1009 3842 omnino
1027 3786 1055 3843 in
1071 3784 1128 3844 hoo
1142 3784 1237 3843 annali
1253 3784 1357 3842 mentio

256 3910 323 3950 esse
352 3892 454 3969 potuit.
500 3889 538 3948 At
566 3909 630 3948 cum
655 3909 703 3948 res
729 3891 792 3966 ipsa
811 3906 895 3965 quam
918 3888 1083 3948 Macrobius
1113 3889 1205 3948 rcicrt
1227 3905 1359 3966 quaeque

257 3998 369 4076 planius
393 4015 409 4056 e
431 3994 563 4071 Vergilio
589 3995 679 4072 (Aen.
703 3993 744 4054 lX
772 3989 847 4074 672)
871 3994 1022 4072 dispicitur
1042 3995 1170 4072 adprime
1190 3995 1219 4051 in
1241 3993 1359 4053 Ambra-

257 4104 320 4160 ciae
344 4101 525 4161 obsidionem
547 4102 700 4161 conueniat
731 4099 786 4176 (ci.
808 4099 903 4158 Liuius
927 4101 945 4158 l.
969 4101 988 4159 l.
1014 4101 1049 4176 6,
1075 4102 1129 4159 nisi
1152 4100 1230 4178 quod
1258 4099 1296 4158 ibi
1320 4100 1359 4156 ni-

254 4207 294 4265 hil
323 4205 359 4264 de
388 4206 526 4283 singulari
557 4206 677 4266 duorum
711 4205 899 4283 eruptione),
931 4224 1078 4266 numerum
1112 4206 1228 4286 quidem
1257 4204 1322 4266 libri
1345 4223 1360 4263 a

255 4311 405 4373 Macrobio
423 4312 548 4372 adlatum
567 4330 667 4372 uerum
689 4311 829 4387 arbitror,
859 4329 988 4371 errorem
1012 4321 1107 4370 autem
1128 4312 1218 4390 ipsius
1240 4299 1270 4368 ut
1291 4317 1360 4389 puto
