2984 5048
548 453 791 524 RELIQVIAE

623 621 714 694 CXX

122 758 183 822 585
212 803 658 821 ........
712 753 764 822 eia
786 753 978 825 machaeras

83 845 95 872 fl
200 857 206 864 .

606 901 711 973 CXXI

212 1083 220 1100 .
275 1084 283 1101 .
337 1084 345 1100 .
398 1030 423 1101 .“
461 1083 469 1100 .
523 1051 607 1100 saxo
627 1054 702 1101 cere
724 1033 913 1103 comminuit
933 1033 1025 1103 brom

607 1179 727 1252 CXXII

209 1351 217 1367 .
272 1351 280 1367 .
334 1351 342 1367 .
522 1318 621 1390 quam
641 1321 707 1368 non
728 1299 859 1369 uirtutis
877 1305 1030 1392 egentem

593 1446 728 1522 CXXIII

334 1617 342 1634 .
395 1567 605 1663 funduntque
623 1570 718 1641 elatis
739 1571 873 1642 naribus
891 1570 998 1641 lucem

590 1718 730 1791 CXXIV

207 1885 215 1902 .
264 1849 270 1858 ·
270 1887 587 1908 ......
622 1903 629 1914 ,,
641 1838 775 1933 1515555
794 1839 913 1910 trabali

568 1989 570 1996 '
591 1986 717 2059 CXXV

115 2110 177 2170 590
273 2172 276 2176 ,
580 2103 741 2196 aplustria

99 2304 158 2352 uius
176 2303 202 2351 in
221 2302 285 2352 Aen.
307 2303 343 2352 VI
365 2303 416 2354 705
444 2305 610 2369 ‘praenatatz
637 2306 795 2372 praeterfluit
818 2313 843 2355 ct
869 2304 995 2356 contrarie
1019 2302 1120 2352 dicitur.
1152 2302 1217 2353 Nam

99 2386 149 2422 555
166 2380 252 2421 natant
272 2387 354 2435 aquae
373 2375 513 2424 55155515
532 2375 597 2440 ipsIs
614 2385 739 2426 natamus.
776 2376 887 2424 Ennium
908 2375 988 2440 igitur
1004 2374 1217 2435 5555155551551

98 2443 147 2491 ait:
174 2440 367 2504 fluctusque
388 2446 559 2493 natantes.’
633 2445 703 2495 CXX
721 2445 827 2495 Seruius
841 2445 867 2493 in
881 2444 945 2492 Aen.
960 2443 996 2492 IX
1011 2440 1045 2492 38
1060 2441 1156 2491 ‘bostis
1170 2443 1216 2491 ad-

98 2520 137 2561 551
150 2512 203 2561 eia:
224 2510 267 2560 hic
282 2511 507 2575 distinguendum,
527 2522 555 2562 ut
570 2515 620 2563 eia
636 2515 745 2563 militum
759 2515 793 2563 sit
806 2512 1000 2577 properantium
1010 2511 1119 2568 clamor;
1138 2518 1216 2560 51551

98 2581 241 2630 1155155555
252 2582 295 2644 551
305 2582 353 2630 ait:
374 2581 427 2630 cia
441 2580 654 2631 machaeras.’
674 2582 747 2648 (qui
765 2582 868 2632 itlreia
882 2597 917 2630 m.
931 2581 1004 2631 Leid.
1019 2581 1044 2630 b.
1061 2579 1137 2642 quia
1152 2581 1215 2630 iam

98 2665 132 2698 m.
150 2646 230 2714 fleg.)
268 2649 315 2700 Cui
336 2663 456 2699 uersuum
476 2652 566 2715 generi
585 2653 766 2702 ascribendum
786 2652 819 2700 sit
838 2651 984 2715 poematica
1002 2649 1109 2700 dubium
1129 2657 1215 2700 censet

97 2717 277 2768 Lachmannus
292 2720 327 2769 ad
339 2719 414 2768 Lucr.
431 2718 533 2770 111374
548 2721 633 2786 plot
651 2721 697 2770 sed
712 2721 745 2771 51.
762 2720 918 2770 Ritschelius
931 2719 999 2770 Prol.
1013 2719 1084 2768 Tria.
1100 2719 1214 2784 p.CXCI

97 2790 200 2853 Parerg.
215 2789 293 2839 1454
362 2787 444 2838 CXXI
469 2787 575 2839 Seruius
595 2791 621 2839 in
643 2792 708 2842 Aen.
730 2792 741 2840 I
763 2791 815 2841 412
842 2787 902 2840 ‘sed
921 2788 983 2839 hoc’
1002 2788 1118 2857 (tmesIm
1137 2787 1213 2852 dicit)

98 2856 247 2906 ‘tolerabile
260 2857 338 2908 estin
353 2871 470 2907 sermone
483 2861 640 2924 composito;
655 2867 766 2909 catenam
780 2861 805 2908 in
818 2859 930 2924 simplici
942 2859 1019 2909 nimis
1032 2865 1070 2907 est
1082 2872 1212 2923 asperum,

97 2926 538 2990 5555155555155155515511551155
557 2937 585 2976 ut
602 2930 643 2978 in:
667 2931 744 2979 saxo'
764 2945 787 2978 e.
805 2943 829 2992 q.
845 2943 866 2978 s.
904 2928 959 2994 (ut
977 2929 1008 2976 in
1028 2927 1090 2977 illo
1108 2928 1214 2978 Ennii

97 2996 246 3055 Fabricius,
272 2995 411 3057 Columna,
435 2997 478 3058 551
500 2997 526 3045 15
546 2998 630 3062 Mspto
642 2997 756 3068 ,Sertorii
771 2997 936 3057 Quadrimani
956 3013 989 3048 ex
1010 2997 1092 3046 Ennio
1109 3012 1213 3048 uersum

97 3066 170 3116 citari
184 3065 304 3130 testatur)
339 3066 454 3115 Donatus
476 3065 508 3115 de
522 3069 603 3133 tropis
623 3083 649 3132 p.
670 3067 737 3118 1777
750 3069 787 3134 P..
803 3067 852 3135 (35
864 3066 955 3131 Lind.)
980 3063 1096 3131 ίτμῆσιο
1169 3076 1210 3116 ut:

96 3144 194 3202 septem
207 3135 322 3186 subiecta
338 3136 423 3196 trioui;
444 3143 479 3185 et:
503 3139 579 3186 saxo'
599 3153 621 3186 e.
638 3153 664 3200 q.
679 3152 700 3186 5.
773 3137 867 3188 CXXII
885 3136 991 3186 Seruius
1006 3137 1032 3186 iu
1048 3136 1112 3186 Aen.
1129 3136 1166 3186 XI
1178 3137 1213 3186 27

97 3210 186 3269 ‘quem
196 3219 246 3255 555
258 3205 360 3254 uirtutis
370 3213 500 3271 egentem:
515 3206 591 3255 Ennii
600 3221 690 3256 uersus
700 3208 757 3256 est!
816 3205 923 3256 CXXIII
936 3205 1041 3255 Seruius
1052 3207 1078 3254 15
1088 3207 1152 3254 Aen.
1163 3205 1213 3256 XII

97 3275 146 3326 115
161 3275 310 3338 ‘lucemque
323 3275 397 3324 elatis
410 3275 515 3325 naribus
529 3275 629 3326 efflant:
646 3275 776 3325 Ennianus
789 3291 881 3326 uersus
894 3283 933 3324 551
944 3274 1034 3324 ordine
1047 3280 1210 3324 commutato.

96 3344 141 3394 Ille
156 3346 223 3394 enirn
237 3345 285 3394 ait:
301 3344 471 3408 funduntque'
485 3362 508 3394 5.
519 3362 543 3409 q.
555 3361 577 3395 s.
593 3345 689 3394 Marius
696 3345 843 3395 Victorinus
853 3359 879 3410 p.
889 3345 991 3395 24721).
1006 3343 1052 3409 (31
1062 3341 1108 3409 G.)
1124 3343 1211 3393 ‘uida-

95 3421 135 3462 tur
148 3413 266 3478 plurimIs
277 3430 334 3464 esse
347 3415 450 3478 quintus
462 3416 634 3465 communium
648 3413 806 3480 syllabarum
818 3414 925 3474 modus,
949 3415 993 3477 qui
1003 3413 1072 3480 apud
1083 3413 1211 3464 Lucilium

96 3490 120 3533 et
133 3490 232 3532 uetares
245 3483 339 3532 multos
350 3491 389 3532 551
400 3483 584 3547 frequentatus,
597 3493 625 3535 ut
638 3493 755 3551 correpta
767 3483 865 3556 uocalis
878 3483 979 3535 desinat
994 3483 1020 3533 15
1033 3499 1046 3532 5
1060 3483 1212 3549 515551515-

95 3559 135 3600 tur
149 3551 180 3600 ab
196 3550 247 3601 alia
262 3553 411 3601 consonanti
422 3553 463 3602 uel
476 3555 560 3603 555511
573 3553 630 3604 1555
644 3555 807 3604 consonantis
821 3555 915 3620 posita,
931 3559 960 3602 ut
973 3560 1012 3603 551
1023 3552 1102 3604 illud:
1123 3551 1209 3618 [Lucr.

96 3621 130 3670 IV
148 3619 224 3685 1207]
252 3622 364 3670 etitem:
385 3620 522 3684 sitiantque
542 3621 615 3672 elatis
634 3623 740 3672 naribus
759 3623 860 3672 lucem·
932 3621 1039 3672 CXXIV
1062 3622 1167 3672 Seruius
1185 3624 1211 3672 in

96 3691 161 3738 Aen.
171 3689 220 3738 XII
230 3688 283 3740 294
302 3690 419 3752 ‘teloque
431 3699 545 3740 orantem
559 3691 639 3740 multa
652 3691 754 3740 trabali.
775 3692 872 3741 Ennius
889 3691 939 3740 ...'
1012 3691 1106 3742 CXXV
1124 3691 1209 3741 Closs.

95 3759 176 3809 Labb.
192 3759 369 3825 ‘aplustra'
383 3758 552 3825 (aplustre
562 3760 628 3809 coni.
640 3759 669 3807 B.
682 3758 837 3824 Vulcanius)
852 3750 972 3824 ‘necocia
985 3757 1088 3809 1515155
1097 3749 1209 3817 ὥοἝν-

96 3830 176 3885 νιος]
198 3827 238 3879 CI.
252 3829 347 3878 Paulus
359 3827 428 3878 Festi
443 3844 469 3894 p.
487 3829 520 3879 10
530 3828 564 3878 M.
586 3829 770 3894 ‘aplustria
781 3830 886 3879 nauium
899 3837 1054 3889 ornamenta,
1071 3843 1136 3892 quae
1150 3831 1211 3892 quia

95 3906 166 3949 erant
178 3898 300 3964 amplius,
317 3913 393 3961 quam
406 3905 491 3948 essent
503 3899 649 3948 necessaria
662 3915 720 3958 usu,
736 3900 813 3949 etiarn
831 3897 1027 3964 amplustria
1042 3899 1208 3952 dicebantur.’

94 3969 239 4020 Priscianus
248 3969 297 4018 VII
306 3965 429 4033 p.769P.
444 3965 563 4034 (15.342
574 3965 620 4032 II.)
635 3969 800 4035 ‘aplustra
813 3969 881 4020 anim
896 3976 920 4020 et
934 3969 1098 4035 aplustria
1111 3969 1210 4032 antiqui

137 4173 190 4228 585
210 4170 359 4226 macheras
384 4171 460 4228 Laid.
488 4171 514 4226 b.
540 4170 692 4226 machaera
715 4169 786 4243 Rep.
811 4171 851 4244 cf.
871 4185 962 4242 supra
1069 4177 1121 4232 588
1148 4175 1208 4229 Iun-

96 4253 218 4324 dumque
233 4253 358 4312 Sancus.
376 4255 527 4328 efflantqua
542 4253 618 4314 Mar.
641 4254 798 4315 Victorinus
904 4259 957 4322 590
978 4257 1103 4338 aplustra
1119 4259 1205 4325 Closs.

96 4339 230 4414 aplustria
243 4338 349 4400 Paulus
