2984 5048
254 417 317 488 ila
637 421 989 484 raxoounrnnvu
1092 513 1095 521 .

273 609 335 672 230
363 599 444 672 Nam
463 597 610 690 opulenti
629 598 703 668 crim
725 596 879 666 locuntur
896 595 1019 688 pariter
1041 599 1140 688 atque
1159 594 1359 688 ignobiles,

358 701 490 772 'mum
509 701 596 772 dicta
610 700 792 794 eademne
810 698 916 772 oratio
934 699 1044 792 atqua
1064 721 1130 770 nou
1148 700 1258 792 aeque
1282 701 1403 770 ualet

797 833 830 904 V

652 1008 661 1025 .
714 953 867 1024 misere'te
890 951 1001 1022 anuis:

467 1010 550 1130 liate
569 1061 710 1145 ferrum,
739 1057 794 1152 qui
818 1077 870 1127 me
890 1056 1000 1127 anima
1018 1055 1162 1148 priuem!

776 1189 824 1263 Vl
838 1189 854 1229 ’i

317 1379 326 1388 .
361 1311 537 1406 Extemplo
560 1317 726 1406 acceptam
747 1311 800 1382 me
821 1313 938 1382 necato
960 1311 994 1379 et
1013 1308 1125 1380 liliam.

778 1445 841 1520 Vll

162 1667 164 1674 Ι
275 1577 337 1640 235
365 1567 477 1638 Senex
510 1588 601 1638 sum:
640 1567 764 1638 utinam
797 1569 936 1638 mortem
961 1563 1143 1736 ‘obpepam
1181 1565 1390 1659 priusquam

953 1688 1083 1753 auena,

364 1771 461 1856 Quod
479 1773 512 1842 in
529 1772 688 1864 pauperie
708 1773 782 1844 med
799 1793 906 1844 senex
928 1770 1077 1864 grauiter
1094 1771 1242 1864 gemam!

764 1906 869 1979 Vlll*

363 2022 504 2094 Nimium
522 2024 598 2094 boni
617 2028 683 2110 est,
711 2026 764 2096 cui
785 2023 829 2095 nri
853 2029 905 2095 est
929 2022 974 2115 [in
994 2020 1092 2114 die'm]
1118 2020 1202 2091 mali.

796 2159 842 2230 IX

364 2273 452 2343 Vide
469 2273 573 2360 hunc,
598 2297 691 2346 meae
710 2277 743 2346 in
766 2299 864 2371 quem
885 2277 1051 2347 lacrumae
1069 2274 1222 2367 guttatim
1241 2275 1384 2344 cadunt.

262 2472 347 2522 uerbis
366 2473 491 2524 sententia
504 2474 654 2526 breuitate
648 2479 763 2544 insignes
781 2477 960 2540 inlustresque.
994 2476 1098 2526 Hecuba
1115 2482 1153 2526 est
1167 2473 1199 2525 ad
1213 2475 1317 2524 Vlixem
1338 2476 1382 2524 di-

261 2534 411 2592 ceuscdd'
426 2532 551 2608 ἀξίωμ’
571 2562 593 2596 e.
611 2563 636 2609 q.
652 2563 673 2596 s.
693 2546 874 2613 [atta-2951.
895 2545 1109 2604 ‘.HosuersusQ
1123 2543 1230 2604 Ennius,
1248 2560 1305 2594 cunr
1320 2561 1380 2595 eam

260 2612 420 2678 tragoediam
438 2620 561 2674 uerteret,
587 2629 636 2666 non
657 2631 718 2667 saue
738 2617 901 2667 incommode
917 2615 1059 2666 aemulatus
1080 2622 1126 2666 est
1159 2616 1256 2666 Versus
1269 2615 1377 2666 totidem

260 2681 370 2732 lluuiani
388 2682 415 2732 hi
432 2690 503 2732 suut:
527 2683 605 2732 haec'
630 2700 693 2762 e..q
710 2701 732 2735 s.
771 2686 867 2746 ‘‚Bene
894 2686 969 2736 sicuti
989 2685 1059 2744 dixi,
1087 2685 1197 2736 Ennius·
1225 2683 1272 2734 sed
1290 2692 1377 2734 tamen

261 2750 429 2817 ignobiles
451 2740 516 2800 dcet
535 2743 720 2814 ἀδοξούντων
741 2763 765 2805 et
787 2723 936 2821 opulenti
956 2744 1020 2804 ἀντὶ
1036 2746 1201 2805 δοκούντων
1214 2754 1276 2804 satis
1290 2753 1376 2804 iacere

261 2821 401 2870 sententiae
413 2834 462 2869 non
477 2820 591 2872 uidetur.
615 2839 674 2873 nam
686 2839 768 2887 neque
783 2839 871 2875 omnes
888 2824 1015 2890 ignobiles
1035 2812 1172 2884 ἀδοξοῦσι
1186 2837 1269 2886 neque
1287 2838 1376 2874 omnes

262 2877 557 2955 opulentisidogooot:
628 2895 651 2942 V
670 2894 805 2960 Noniusp.
813 2897 874 2954 474,
881 2893 940 2944 30‘
948 2893 1362 2944 misereteEnniusEcuba..

330 2959 366 3006 Vl
393 2958 474 3008 Varro
492 2960 566 3010 doL.
582 2960 611 3011 L.
635 2964 683 3012 Vll
704 2963 736 3014 13
749 2965 783 3012 Μ.
805 2965 897 3013 ‘etiam
915 2962 1030 3013 indidem
1049 2963 1114 3013 illud
1128 2963 1206 3013 Enni.
1232 2963 1371 3028 extemplo'

262 3043 285 3078 e.
298 3043 323 3090 q
339 3043 361 3078 s
383 3030 562 3096 ‘extemplo
581 3033 649 3083 enim
667 3040 705 3084 est
723 3034 860 3082 continuo.¹
887 3033 986 3099 (Enni
1001 3031 1125 3098 Scaliger.
1141 3032 1306 3096 enimlibri)
1324 3034 1372 3083 lle

262 3097 342 3148 cubae
358 3097 465 3148 Bothius
487 3099 630 3152 uindicauit
648 3103 715 3152 conl
740 3103 800 3152 Eur.
825 3103 886 3158 ileo.
911 3100 961 3156 387
1033 3103 1082 3153 Vll
1109 3102 1206 3152 Nonius
1229 3101 1336 3168 p.4tt‚
1358 3104 1370 3153 1

262 3169 453 3234 pauperies
470 3184 516 3234 pro
534 3180 693 3237 paupertate
722 3172 990 3222 Enniusllecuba...
999 3173 1149 3237 '.ldemp
1165 3172 1225 3232 507,
1238 3170 1296 3221 18⁴
1302 3187 1372 3222 eue-
1382 3179 1391 3192 ⁸

261 3245 314 3287 nat
331 3239 501 3303 proeueuiat.
528 3241 624 3291 Ennius
641 3243 800 3292 Hecuba...
808 3241 1016 3308 ⁸(Haecuba
1031 3239 1137 3305 Bamb.)
1208 3209 1269 3291 Vlll
1287 3242 1371 3292 Cicero

261 3307 294 3357 de
307 3307 349 3357 flu.
364 3308 423 3358 bon
438 3311 535 3360 otmal.
552 3310 630 3371 1113,
645 3311 760 3361 il‘non
775 3312 852 3371 enim,
871 3313 893 3362 si
907 3311 1002 3360 malum
1016 3319 1055 3361 est
1067 3311 1149 3372 dolor,
1164 3325 1251 3362 carere
1264 3325 1293 3362 eo
1305 3312 1370 3362 malo

261 3377 323 3426 satis
342 3385 381 3428 est
399 3375 432 3427 ad
451 3378 516 3429 bene
533 3381 680 3430 uiuendum.
709 3382 762 3430 Hoc
779 3381 874 3432 dixerit
894 3381 981 3446 potius
1000 3381 1112 3430 Ennius.
1135 3381 1255 3430 nimium'
1275 3397 1368 3443 e...qs

262 3444 301 3496 Ci.
316 3446 345 3495 P.
360 3446 417 3511 Syr
442 3445 494 3498 483
507 3447 549 3498 Or.
582 3451 636 3500 Huc
657 3450 752 3499 rettulit
774 3451 886 3499 Muretus
905 3451 967 3499 Var.
987 3450 1057 3500 Lect.
1079 3449 1154 3502 vis
1225 3451 1261 3502 tx
1279 3449 1370 3502 Nonius

301 3653 355 3710 139
386 3667 449 3706 cum
480 3651 604 3723 opulenti
632 3651 711 3708 Grut.
798 3655 926 3709 locuntur
951 3653 1077 3726 Franeq.
1105 3654 1195 3710 Bora.
1227 3655 1369 3725 loquuntur

260 3737 341 3807 uatpo
425 3739 477 3795 ast
502 3736 590 3792 oratio
614 3752 667 3791 om.
691 3737 770 3794 (irat.
856 3741 908 3796 139
932 3739 1013 3794 anuis
1031 3738 1157 3812 Scult'per
1171 3738 1248 3796 Cani.
1263 3757 1295 3810 p.
1310 3743 1366 3798 164.

261 3836 362 3874 manus
385 3820 448 3876 utri
530 3825 583 3882 234
607 3829 751 3892 acceptam
772 3821 898 3891 Vossius,
915 3824 1099 3895 praelaturus
1114 3830 1205 3879 tameo
1225 3830 1365 3895 arreptam.

262 3909 409 3975 acceptum
436 3903 500 3960 libri
584 3911 682 3960 necato
706 3905 842 3980 Scaliger.
865 3912 968 3980 negato
990 3908 1053 3963 tiri
1138 3909 1222 3963 liliam
1249 3909 1364 3964 Botltiut.

260 3987 347 4044 tilium
359 3989 423 4044 ttort
504 3993 557 4048 135
576 3990 679 4044 utinam
691 3991 796 4045 moriar
809 3997 926 4046 mortem
938 3999 1069 4064 oppetam
1086 3997 1249 4065 (oppoetam
1262 3994 1364 4061 Boot.)

259 4073 324 4129 turs
333 4090 364 4145 p.
381 4077 434 4134 404
511 4074 717 4146 obpetamtt'dri
725 4077 817 4146 ,0507
895 4077 1022 4149 priquarn
1041 4078 1078 4133 W
1087 4079 1180 4148 motti
1265 4080 1364 4135 eueniat

260 4157 323 4213 tiltrt'
343 4175 375 4229 p.
403 4161 456 4218 404
540 4161 593 4218 too
619 4159 649 4213 in
669 4160 835 4231 pauperiem
859 4177 948 4216 senex
968 4162 1068 4217 Bamb.
1084 4179 1117 4234 p.
1132 4165 1187 4222 404
1270 4165 1316 4221 137
1329 4165 1362 4218 nil

259 4241 463 4300 Fleckeracmac.
480 4243 549 4298 nihil
561 4244 624 4299 littra*
707 4246 735 4299 in
749 4244 825 4300 diem
843 4244 875 4302 0.
883 4246 1047 4302 Ribbocln'ua
1060 4248 1130 4302 cont.
1143 4247 1215 4303 Eur.
1228 4247 1297 4302 Hoc.
1309 4249 1362 4316 017,

259 4343 311 4383 om.
328 4326 391 4383 libra·
472 4332 525 4387 108
538 4327 612 4384 hunc
627 4328 783 4386 Mercerac.
798 4329 863 4385 hinc
879 4332 943 4386 litari
1025 4347 1107 4403 quem
1118 4331 1274 4389 Mercams.
1290 4347 1362 4404 quam
