2984 5048
636 407 991 468 TRAGOEDIARVM

796 575 831 646 V

361 677 430 750 Sed
458 678 535 748 mihi
565 679 782 772 neutiquam
813 680 872 750 cor
901 659 1072 749 consentit
1092 701 1166 750 cum
1194 683 1391 754 oculorum

920 783 1058 872 aspectu
1111 837 1118 852 .
1173 837 1182 853 .

674 916 947 987 ALEXANDER

775 1017 845 1089 ΙΝ

362 1173 370 1188 .
423 1120 527 1190 miter
546 1120 687 1213 grauida
705 1123 822 1213 ptinere
842 1144 879 1192 se
901 1121 1070 1195 ardentem
1090 1122 1194 1194 lacem

359 1221 444 1292 Visa
465 1224 516 1292 est
538 1223 571 1292 in
595 1225 720 1294 somnis
739 1224 893 1295 Hecuba:
922 1247 988 1318 quo
1008 1225 1077 1295 lato
1101 1229 1195 1316 pater

356 1325 430 1395 Rex
448 1326 520 1418 ipse
538 1325 690 1398 Priamus
711 1328 857 1414 somnio,
886 1329 1004 1397 mentis
1025 1331 1113 1397 metu

288 1437 330 1499 60
356 1427 556 1514 Perculsus,
586 1431 674 1500 euris
691 1432 844 1522 sumptus
861 1429 1115 1521 suspirantibus,

358 1531 617 1602 Exsz'torisrcabat
640 1533 757 1604 hostiis
781 1533 977 1603 balantibus

358 1634 442 1704 Tum
464 1635 685 1706 coniecturam
704 1637 854 1728 postulat
873 1637 989 1726 pace'm
1010 1639 1137 1727 petens,

356 1737 403 1807 Vt
421 1759 466 1816 se
477 1737 631 1808 e'doceret
651 1741 830 1810 obsecrans
848 1739 1047 1830 Apollinem,

355 1838 429 1924 Quo
448 1840 524 1918 se'se
541 1845 671 1912 uertant
687 1843 797 1913 tantae
818 1847 927 1912 sortes
948 1841 1121 1912 somnium.

285 1951 326 2012 65
353 1940 399 2014 lbi
419 1943 463 2022 ex
482 1944 594 2014 oraclo
613 1944 697 2016 uoce
717 1944 830 2014 mulne
847 1944 948 2038 edidit

355 2045 494 2137 Apollo,
522 2036 662 2138 puerum
679 2048 805 2139 primus
826 2047 958 2118 Priamo
981 2046 1039 2138 qui
1061 2048 1147 2116 ioret

354 2149 436 2218 Post
454 2150 510 2219 illa
526 2154 641 2236 natus,
669 2151 867 2242 te'mperaret
888 2150 1023 2221 tollere:

353 2252 438 2321 Eum
456 2252 533 2321 esse
556 2253 690 2323 exitium
708 2254 843 2337 Troiae,
870 2256 998 2344 pestem
1017 2249 1195 2342 Pergamo.

355 2454 484 2525 'Volins
506 2456 547 2526 de
567 2459 660 2528 caelo
683 2461 758 2530 cum
778 2479 902 2530 corona
925 2459 957 2527 et
976 2454 1093 2526 taeniis

284 2638 307 2686 V
327 2638 414 2689 Cicero
426 2640 506 2689 Acad.
519 2655 557 2705 pr.
569 2642 592 2690 ll
604 2638 645 2701 17,
656 2642 689 2691 52
707 2643 790 2705 ‘quod
801 2642 870 2691 idem
880 2641 1003 2706 contingit
1013 2640 1120 2699 insanie,
1137 2644 1165 2688 ut
1175 2644 1200 2688 et
1209 2637 1361 2702 incipientes

248 2705 333 2757 lurore
345 2710 454 2758 sentiant
466 2717 491 2758 et
504 2710 589 2758 dicant
602 2710 708 2773 aliquid,
728 2711 796 2774 quod
810 2725 860 2760 nou
874 2711 917 2769 sit,
935 2711 962 2760 id
976 2710 1059 2762 uideri
1072 2709 1136 2768 sibi;
1154 2715 1179 2757 et
1193 2722 1260 2756 cum
1273 2707 1361 2756 rela-

247 2783 376 2838 xentur,
400 2778 509 2828 sentiant
527 2786 602 2842 atque
619 2779 664 2828 illa
684 2780 770 2829 dicant
788 2780 1002 2829 Alcmaeonis
1022 2777 1097 2844 [56].ι
1129 2777 1226 2827 Ibidem
1237 2777 1313 2835 1127,
1324 2775 1360 2826 88

249 2849 322 2896 ‘cum
342 2855 505 2912 experrectus
526 2856 593 2898 esset
611 2849 707 2898 Ennius
726 2865 776 2899 nou
796 2865 824 2899 se
844 2847 941 2899 uidisse
954 2849 1107 2909 Homerum,
1131 2848 1177 2897 sed
1192 2848 1276 2896 uisum
1292 2861 1357 2906 esse,

244 2915 381 2965 'Alcmaeo'
407 2916 551 2982 (altiueo
572 2917 637 2968 Gud.
662 2919 778 2969 altmeo
797 2917 865 2982 Erl.)
886 2922 999 2968 ‘alitem
1025 2919 1082 2968 sed
1170 2915 1357 2966 consentit)

246 2985 336 3034 Festus
357 3001 383 3050 p.
409 2985 458 3037 165
480 2987 514 3036 Μ,
541 2989 752 3050 ‘neutiquam
774 2987 831 3054 [pro
845 2987 915 3037 nullo
929 2988 1005 3038 modo
1021 2989 1072 3038 dici
1086 2987 1159 3038 testis
1174 2993 1211 3036 est
1228 2983 1279 3049 ...]
1300 2999 1357 3034 oum

247 3055 295 3104 ait:
315 3054 375 3108 sed*
376 3091 704 3107 .....................
719 3058 800 3108 lorum
815 3058 920 3124 aspect!
949 3057 987 3108 Gi.
1003 3057 1039 3107 IV

281 3125 457 3174 Anuxnnnmt
501 3125 511 3174 l
541 3124 628 3176 Cicero
650 3126 681 3176 de
700 3128 752 3178 diu.
775 3127 910 3187 121,42
938 3127 1014 3176 ‘haec
1038 3127 1114 3177 etiam
1137 3125 1159 3174 si
1182 3123 1240 3173 ficta
1262 3130 1318 3172 sunt
1340 3138 1356 3171 a

246 3195 336 3258 poeta,
358 3209 409 3244 non
426 3195 518 3244 absunt
530 3203 614 3245 lamen
634 3197 846 3247 aconsuetudinc
859 3197 1023 3246 somniorum.
1058 3195 1098 3245 Sit
1117 3209 1179 3243 sane
1199 3194 1274 3244 etiam
1292 3192 1355 3242 illud

246 3265 473 3326 commenticium,¹
504 3281 553 3328 qno
574 3265 691 3316 Priamus
713 3275 751 3318 est
775 3267 954 3324 conturbatus,
991 3267 1060 3329 quia'
1078 3270 1183 3314 m'ater
1205 3262 1353 3328 grauida·

246 3333 268 3380 e.
285 3337 309 3396 ¹q'.
319 3331 349 3398 js:
363 3373 365 3384 .
377 3335 452 3398 q'tiia
465 3333 595 3398 Ciceronis
610 3351 667 3386 esse
682 3335 710 3386 0.
727 3337 883 3386 Ribbeokius
898 3335 1039 3395 intellexit;
1058 3334 1148 3384 eodem
1167 3340 1269 3382 auctore
1281 3331 1353 3381 Ennii

245 3389 393 3452 'Aleiaud'ro
410 3397 518 3468 'ascripti
533 3403 714 3470 fragmentum
740 3422 743 3426 ·
769 3401 796 3474 il
805 3407 905 3472 ‘Festus
918 3421 945 3473 p⁷
957 3403 1008 3457 360
1022 3404 1056 3455 Μ.
1077 3404 1220 3453 ‘taenias
1235 3402 1352 3452 Graecam

285 3547 320 3603 56
339 3546 514 3616 neutiquam
530 3543 590 3599 mr.
607 3543 661 3600 Cic.
676 3533 764 3600 Acco.
787 3543 823 3620 Π
831 3537 1064 3618 ''ssflss'uentiquam
1088 3544 1157 3601 eud.
1182 3543 1247 3600 ibid.
1269 3542 1356 3597 nenti·

244 3645 328 3700 quam
348 3631 433 3684 ceteri
515 3645 564 3684 cor
585 3629 667 3684 sentit
686 3629 748 3685 Erl.
765 3630 819 3686 Cic.
834 3621 921 3687 Ἀόαιὶζ
944 3629 982 3686 ΙΙ
997 3635 1033 3690 88
1118 3631 1151 3688 57
1165 3701 1169 3709 Ι
1181 3629 1246 3700 quia
1268 3633 1350 3682 maier

242 3713 324 3787 ἄνδρα
380 3771 382 3776 ,
409 3713 666 3784 cotelerianae,
682 3713 712 3770 0.
724 3715 897 3774 Ribbeclcius.
912 3716 985 3770 laeto
999 3715 1064 3770 libri
1166 3719 1201 3774 θῶ
1217 3713 1349 3768 coniectu·

243 3815 303 3854 ram
318 3797 401 3868 leid.
423 3805 449 3853 et
468 3799 530 3854 cdd.
550 3800 614 3870 aliq.
637 3797 737 3854 Orellii.
765 3801 956 3855 coniecturum
977 3799 1039 3854 Erl.
1066 3797 1145 3854 Vino.
1167 3799 1347 3854 coniectorem

242 3885 328 3939 celeri
429 3887 463 3942 63
489 3881 604 3938 doceret
632 3882 713 3939 Vincl.
733 3885 796 3939 edel.
810 3886 875 3956 aliq.
893 3881 987 3939 Orellii
1069 3884 1227 3953 apollonem
1249 3881 1310 3937 Eri.

284 3964 570 4027 filsomniorumErl.
654 3968 884 4027 650raculolirl.
956 3981 1054 4024 uocem
1068 3968 1192 4040 diuinam
1205 3966 1350 4024 mmmm

240 4051 374 4109 Baaiaius
457 4052 569 4106 diuinae
587 4050 750 4107 deditleicl.
833 4053 957 4124 66prius
975 4051 1057 4108 mnu.
1140 4054 1175 4112 67
1187 4057 1348 4123 temperarat

241 4138 338 4192 tollere
353 4137 413 4193 cod·-
431 4135 527 4207 Vossii,
549 4135 629 4194 Virtd.
645 4154 681 4192 m.
691 4154 750 4208 pr„
764 4154 818 4193 om.
831 4139 892 4193 cod.
905 4136 935 4193 S.
954 4137 1078 4194 Victoris.
1093 4143 1240 4208 temptaret
1255 4138 1346 4192 tollere

240 4219 361 4276 Pareat
382 4219 445 4278 Eri.
465 4227 591 4293 tempora
612 4224 744 4294 extollere
765 4220 845 4281 Vinci.
865 4239 901 4278 m.
922 4223 969 4278 alt.
991 4230 1119 4293 tempora
1139 4229 1165 4277 et
1184 4223 1279 4277 tollere
1294 4221 1343 4278 olii.

204 4373 206 4381 y
240 4311 366 4376 tempora
379 4305 453 4360 hunc
469 4307 493 4360 si
506 4306 615 4361 tolleret
627 4309 710 4379 uuloo
