2984 5048
249 417 312 482 158
664 417 940 474 survuluvu

685 621 839 692 LIBER
870 620 918 692 lV

351 810 923 829 ..........
977 781 1084 851 neque
1107 757 1163 827 ille
1186 758 1298 828 triste

284 869 324 929 25
354 859 525 944 Quae‘rilal
546 861 653 954 sinopi
674 884 781 953 neque
799 861 902 952 caopo
921 867 1080 932 maestum
1135 915 1144 930 .
1201 915 1211 930 .

687 1045 841 1116 LIBER
871 1043 920 1114 Vl

353 1181 482 1276 Quippe}
503 1181 575 1250 sine
598 1203 679 1252 cura
700 1182 808 1251 lae'lus
829 1182 939 1250 lautus
963 1204 1037 1252 cum
1059 1181 1199 1254 aduenis

353 1285 487 1354 lusortis
508 1284 618 1369 malo,
647 1285 803 1375 &xpedilo
826 1284 977 1354 broochio

351 1389 488 1472 Abour,
516 1387 643 1471 celsus,
671 1387 784 1478 lupino
807 1391 987 1478 expectans
1009 1386 1142 1478 impetu,

351 1492 430 1560 Mox
452 1513 525 1561 oum
547 1491 683 1560 ulterius
702 1490 882 1582 obligurios
901 1490 998 1576 bona,

283 1603 323 1664 30
354 1593 440 1678 Quid
463 1595 581 1663 oo'nses
601 1594 733 1662 domino
757 1615 833 1662 esso
854 1593 975 1663 onimi?
1001 1615 1062 1684 pro
1081 1592 1194 1661 diuum
1213 1589 1352 1660 fidem!

351 1697 407 1766 llle
430 1697 533 1766 lrlslis
554 1695 661 1766 cibum
685 1697 762 1765 dum
786 1697 914 1781 sumat,
943 1701 979 1766 lu
1003 1697 1113 1766 ridons
1134 1716 1252 1764 uoraS.

422 1879 483 1950 EX
510 1874 707 1952 INCERTIS
735 1879 1016 1950 SATVRARVM
1043 1879 1181 1950 LlBRlS

797 2016 811 2086 Ι

351 2133 432 2202 Nom
454 2133 509 2226 qui
532 2133 639 2224 lepido'
662 2129 809 2228 postulat
829 2135 969 2205 olerum
988 2132 1150 2217 lruslrz'rri,

282 2333 369 2382 luuuu
386 2334 421 2383 lV
457 2335 600 2386 Macrobius
616 2335 669 2386 Sat.
683 2338 748 2388 V15
769 2353 795 2404 p.
809 2338 860 2389 527
874 2339 931 2388 lan.
959 2336 1081 2385 ‘tristis
1104 2349 1151 2400 pro
1171 2351 1259 2386 amaro
1281 2344 1373 2387 trans-

249 2402 416 2453 latiodeoons
432 2412 483 2463 est,
503 2415 543 2455 ut:
567 2407 697 2470 tristisque
711 2407 802 2473 lupini.
826 2404 1017 2472 [Georg.175]
1048 2405 1079 2454 El
1094 2405 1129 2454 ita
1141 2405 1239 2454 Ennius
1254 2407 1283 2456 in
1298 2408 1368 2458 libro

249 2472 401 2522 Sabinarum
428 2482 516 2536 quarto
546 2477 594 2524 ...'
624 2477 825 2542 (satyrarum
849 2473 986 2538 Columna)
1014 2473 1119 2524 Seruius
1137 2475 1164 2523 iu
1184 2475 1277 2542 Georg.
1302 2480 1368 2528 175

249 2544 442 2605 ‘tristisque
456 2544 578 2608 lupini:
597 2546 678 2594 amori
746 2547 856 2595 Ennius:
877 2561 959 2608 neque
1030 2545 1133 2607 sinapi.¹

283 2613 369 2661 Lrurr.
392 2613 427 2660 Vl
469 2613 582 2664 Donatus
601 2615 627 2663 in
648 2615 705 2664 Ter.
725 2615 827 2665 Phor-m.
848 2617 871 2664 ll
894 2618 920 2675 2,
942 2615 976 2664 25
1000 2618 1057 2662 ‘tou
1075 2613 1236 2677 asymbolum
1255 2617 1363 2666 uenire!

248 2688 350 2730 unctum
370 2689 446 2744 atque
464 2681 560 2730 lautum
583 2700 596 2733 e
617 2684 715 2733 balneis
734 2683 868 2751 (Otiosum
890 2684 921 2734 ab
941 2683 1042 2732 animo:
1069 2698 1126 2731 oum
1145 2681 1189 2732 ille
1211 2691 1236 2733 et
1255 2700 1316 2734 cura
1336 2696 1361 2735 et

248 2759 352 2817 sumptu
373 2751 523 2800 absumitur.
557 2751 623 2802 Dum
645 2754 692 2803 tibi
715 2753 741 2802 fit
767 2754 835 2816 quod
857 2754 972 2820 placeat,
996 2752 1039 2801 llle
1054 2752 1176 2818 ringitur,
1195 2762 1222 2802 tu
1243 2754 1358 2818 rideus):

248 2835 298 2870 uon
313 2821 343 2870 ub
355 2821 512 2888 Apollodoro
526 2822 572 2871 sed
585 2840 599 2872 e
612 2829 684 2872 serlo
696 2825 831 2873 satirarum
841 2825 916 2874 Ennii
930 2821 1052 2873 translata
1064 2829 1122 2870 sunt
1136 2824 1233 2872 omnia:
1249 2826 1358 2889 quippe*

248 2907 271 2939 o.
289 2907 313 2953 q.
328 2907 349 2939 s.
370 2889 469 2955 (nou]
489 2891 628 2942 nondum
644 2893 724 2942 Gond.
746 2895 854 2944 nedun
869 2894 952 2959 Lugd'.
976 2893 1092 2942 nodum
1106 2891 1147 2941 uel
1166 2893 1281 2942 nedum
1296 2896 1355 2944 edd.

247 2960 564 3026 uet.hoeononuulgo
620 2961 1356 3014 sedesoxtosalisEnnilGaud.seddesoxto
1445 3005 1446 3014 ,

247 3031 329 3080 solis
348 3029 431 3094 Lugd.
454 3039 512 3095 post
532 3032 616 3080 satis
639 3032 730 3082 lacuna
752 3033 820 3083 olroo
842 3033 936 3098 uiginti
958 3040 1076 3096 quattuor
1098 3031 1256 3092 litterarum
1280 3035 1355 3083 sede

201 3135 203 3144 .
249 3098 598 3166 sextosatisedduet.)
698 3121 700 3128 ·

283 3171 323 3219 Ex
342 3181 396 3220 luc.
419 3179 481 3219 sur.
501 3182 553 3222 Lm.
592 3172 602 3221 Ι
622 3171 719 3222 Gellius
734 3171 820 3221 XVlll
839 3171 856 3219 2
878 3171 978 3231 ‘itaque
999 3183 1081 3234 nuper
1096 3170 1210 3232 quaesito
1230 3186 1284 3220 esso
1301 3187 1354 3222 mr-

289 3379 325 3432 24
339 3391 430 3444 noque
447 3375 492 3427 ille
507 3373 582 3427 [risle
596 3373 787 3429 Burmannus.
809 3389 900 3444 nequo
916 3373 981 3427 ill..
1000 3373 1076 3426 lrisle
1094 3371 1209 3428 Seruius
1225 3372 1350 3429 Danieli&

249 3475 338 3530 noque
369 3459 444 3512 [rislo
476 3457 644 3512 Macrobius.
678 3475 769 3528 neque
798 3459 844 3511 illa
873 3459 949 3511 triste
971 3457 1061 3512 Jonus
1159 3463 1194 3515 25
1223 3459 1349 3528 quaeriua

247 3545 351 3616 Anylio.
369 3542 495 3614 queripat
512 3542 600 3613 Neop.
687 3543 818 3598 Sotadeos
832 3543 977 3612 descripsit
993 3541 1043 3596 ΤΙι.
1059 3541 1166 3612 Huyr'us
1250 3548 1280 3601 26
1295 3545 1349 3597 lau-

248 3636 291 3683 tus
313 3646 365 3683 om.
389 3628 479 3682 Gand.
502 3634 528 3680 el
549 3627 637 3698 laod.
724 3631 757 3686 27
784 3628 896 3683 insertis
911 3627 998 3698 Luyd.
1022 3627 1346 3698 inferrisoo190.exeuis

246 3713 372 3768 Muretus
410 3712 477 3768 Vor.
506 3712 581 3766 Lecl.
609 3711 688 3768 XIX
710 3717 725 3771 ‘l
813 3711 944 3782 bracchio
974 3711 1061 3783 Luyd.
1090 3711 1205 3766 brachio
1234 3713 1307 3782 uulyo

288 3803 323 3856 28
349 3799 392 3852 An
420 3799 512 3850 alacer
533 3814 565 3851 ao
588 3794 701 3852 celsu'?
804 3803 955 3867 expectans
979 3797 1082 3866 impetu
1100 3794 1237 3850 Muretus.
1254 3797 1342 3866 impetu

245 3885 396 3954 (iupeoum
418 3881 527 3952 Laod.)
562 3887 716 3951 expectans
747 3882 828 3952 uulyo
929 3885 964 3938 29
997 3897 1062 3934 mox
1087 3897 1149 3934 oum
1176 3881 1262 3952 Luyd.
1285 3898 1341 3934 urox

247 3967 313 4023 dum
333 3969 424 4038 rmlyo.
447 3983 530 4037 quarn
549 3983 615 4020 mox
640 3965 764 4021 Muretus
850 3965 1003 4036 abligurlas
1024 3964 1112 4035 Laod.
1134 3967 1260 4036 abliugas
1278 3964 1340 4019 riu.

247 4052 401 4122 obligurlao
418 4053 463 4107 uel
482 4051 650 4121 obligurrias
665 4053 746 4123 uulyo
832 4054 867 4107 30
891 4049 1003 4104 domiuo
1021 4049 1153 4104 Moretur.
1178 4047 1246 4104 drlos
1266 4050 1333 4119 Loyd

247 4137 368 4191 dominis
385 4137 466 4207 uulqo
552 4135 623 4205 proh
645 4139 767 4191 animum
784 4133 867 4188 fidem
884 4135 970 4205 Luyd.
1058 4138 1088 4191 31
1115 4134 1162 4187 ille
1184 4134 1267 4188 tristis
1284 4133 1338 4189 dum

247 4221 350 4276 oluiur'u
368 4220 455 4292 Luyd.
474 4219 600 4274 dumille
623 4221 714 4274 cibum
734 4219 818 4274 tristis
834 4219 969 4273 Muretus.
988 4217 1081 4272 cibum
1098 4218 1143 4272 ille
1159 4218 1244 4272 tristis
1258 4217 1337 4272 Peter-

245 4320 364 4360 marmos
449 4304 564 4358 rediens
581 4320 683 4360 uorans
700 4304 786 4376 Laod.
872 4309 907 4362 32
928 4305 974 4373 qui
992 4317 1032 4372 se,
1052 4317 1105 4355 om.
1123 4317 1196 4368 nam,
1219 4303 1338 4357 Aeidoloo
