3112 5040
248 458 409 508 cxxxvrn
649 447 962 518 QVAESTIONES

247 585 329 674 recte
356 613 486 673 sensisse
517 613 647 672 Ritterus
673 612 692 672 l.
714 613 733 672 l.
758 632 786 691 p.
811 612 872 674 394
898 613 1028 687 uidetur,
1061 614 1110 691 qui
1139 612 1174 673 ir.
1197 611 1239 671 lX
1259 611 1349 672 relata

250 729 342 780 morte
364 719 510 796 Scipionis
532 719 674 778 extulisse
694 725 811 796 potitam
832 719 967 778 coniecit.

331 825 453 886 Vnicum
473 824 559 882 libri
581 832 786 882 saturarum
809 826 932 901 quarti
952 823 1143 900 fragmentum
1162 821 1295 900 adposui,
1309 824 1353 882 cui

248 930 406 991 Sotadeum
422 947 568 990 numerum
583 947 651 988 esse
664 937 694 988 et
709 928 831 1006 llugium
844 947 930 989 aures
941 927 1104 989 docuerunt
1119 937 1148 987 et
1161 938 1298 1006 poterant
1312 929 1354 987 la·

253 1038 310 1096 olle
329 1036 458 1114 quemuis
475 1033 561 1093 alium
578 1033 698 1094 dooere.
722 1034 781 1094 Sed
801 1035 879 1112 quod
894 1034 951 1094 hoo
965 1035 1034 1094 loeo
1048 1033 1077 1092 id
1093 1042 1138 1092 est
1153 1033 1228 1093 inter
1244 1043 1355 1093 suturas

252 1142 344 1216 edidi,
366 1142 423 1201 hoc
446 1157 513 1199 meo
532 1139 664 1217 periculo
678 1139 801 1216 lactum,
823 1139 964 1219 siquidem
979 1139 1159 1218 periclitatur
1171 1150 1200 1200 et
1218 1140 1267 1218 qui
1283 1139 1355 1198 alius

253 1247 444 1326 suspitionem
464 1244 570 1324 probat
588 1254 616 1304 et
639 1249 687 1322 qui
704 1264 784 1305 suum
808 1248 1004 1306 coniecturam
1023 1245 1149 1324 probare
1165 1245 1229 1304 aliis
1250 1244 1354 1304 studet.

250 1351 363 1429 Nempe
385 1367 443 1410 nou
466 1369 482 1410 e
504 1351 609 1410 suturis
632 1351 762 1412 adfertur
783 1352 867 1412 locus
885 1369 902 1411 a
918 1351 1069 1412 blacrobio
1089 1350 1232 1410 Satll15
1254 1369 1282 1429 p.
1295 1349 1355 1410 527

249 1458 332 1532 lan,
356 1456 408 1516 sed
432 1475 448 1515 e
471 1455 569 1516 libro
592 1456 810 1517 Sabinarum
833 1465 978 1535 quarto.
1014 1456 1046 1515 ln
1068 1473 1126 1535 quo
1142 1458 1249 1535 primus
1270 1475 1356 1535 quan·

251 1573 308 1623 turn
330 1563 460 1640 comperi
479 1562 573 1622 haesit
593 1561 750 1636 Columna,
773 1564 820 1639 qui
844 1563 966 1623 Sabinas
988 1563 1099 1641 expulit
1126 1581 1142 1622 e
1170 1565 1358 1640 grammatico

251 1678 280 1728 et
298 1677 456 1746 saturarum
486 1668 610 1726 iudicem
628 1667 763 1740 restituit,
786 1684 849 1725 oum
866 1684 921 1728 nec
938 1667 1005 1728 alibi
1022 1668 1189 1728 laudaretur
1204 1668 1269 1728 talis
1285 1670 1358 1728 iuter

251 1775 335 1834 Ennii
363 1772 503 1849 reliquias
527 1772 627 1832 titulus
647 1781 676 1832 et
702 1772 834 1830 extitisse
858 1780 992 1850 quattuor
1020 1773 1122 1832 saltem
1146 1783 1303 1833 saturarum
1325 1773 1357 1832 li·

252 1879 323 1938 bros
354 1875 563 1954 Porphyrionis
591 1878 757 1938 testimonio
784 1885 945 1936 constaret:
974 1878 1011 1936 ol.
1043 1895 1071 1955 p.
1095 1877 1251 1938 LXXXIV.
1296 1878 1358 1938 Nec

251 1985 347 2044 de'ea
370 2001 401 2041 re
426 1999 598 2060 quemquam
620 1980 810 2042 dubitaturum
831 1984 922 2042 luisse
946 1982 1061 2060 opinor,
1082 1984 1136 2042 uisi
1156 1985 1181 2042 is
1199 2000 1283 2062 quern
1300 1984 1357 2042 An·

250 2088 310 2167 geli
332 2087 389 2148 blai
413 2087 550 2148 industria
568 2106 583 2147 u
603 2089 656 2149 situ
681 2097 710 2146 et
732 2088 880 2147 obliuione
903 2087 1058 2147 uindicauit
1078 2087 1168 2148 lulius
1183 2090 1286 2150 Victor
1301 2093 1358 2152 od

251 2213 279 2272 p.
304 2194 365 2253 224
390 2192 440 2252 Or.
463 2194 538 2253 alter
560 2194 730 2253 Sabinarum
758 2195 841 2252 testis
871 2194 1024 2252 extitisset.
1067 2193 1106 2252 Vt
1127 2196 1182 2254 iam
1204 2195 1278 2255 male
1300 2215 1358 2255 me·

251 2298 310 2356 reri
332 2298 368 2357 de
390 2297 483 2357 Ennio
507 2298 655 2373 uidentur,
685 2299 732 2377 qui
755 2299 813 2358 boc
836 2299 912 2359 libro
936 2306 1052 2378 potitam
1075 2299 1274 2361 defraudatum
1297 2311 1357 2362 eat:

253 2423 317 2465 oum
335 2405 507 2482 praesertim
525 2403 570 2462 bis
593 2422 667 2483 quse
690 2403 764 2464 lullo
785 2404 900 2464 Victori
923 2405 1066 2464 debentur
1087 2404 1201 2465 uerbis:
1219 2426 1281 2465 orm
1299 2425 1359 2482 rpo-

252 2518 289 2572 lio
316 2519 426 2588 perverts
448 2516 638 2586 detraxerint,
663 2513 750 2581 Quom
774 2517 985 2586 inscriptionem
1007 2516 1124 2572 dubito?
1148 2512 1219 2589 (ino.
1242 2521 1295 2574 sat.
1317 2512 1359 2590 V)

252 2627 375 2697 perapte
398 2617 522 2678 Sabinae
544 2624 706 2692 pugnantes
730 2624 830 2676 contra
853 2617 980 2692 ipsarum
1002 2618 1121 2676 maritos
1140 2618 1265 2677 Sabinos
1283 2635 1358 2677 oom-

254 2723 365 2801 pellure
389 2723 549 2782 uideantur.
596 2719 634 2779 m
657 2721 704 2779 uel
733 2721 776 2780 sic
798 2720 990 2780 uehementer
1014 2721 1151 2799 displicet
1173 2731 1307 2800 quattuor
1327 2722 1358 2782 li·

252 2828 312 2886 bris
342 2829 366 2886 si
394 2826 437 2886 dis
467 2827 565 2905 placet
594 2834 740 2886 exaratum
769 2826 805 2885 de
835 2825 949 2885 Sabinis
978 2843 1094 2886 carmen
1126 2827 1241 2903 epicum
1276 2827 1358 2905 (quid

254 2935 328 2992 enlm
349 2933 435 2991 fuerit
455 2941 608 3009 praeterea
629 2929 681 2986 nisi
705 2927 817 3004 epicum
837 2927 978 3008 tueritt),
1000 2931 1080 2989 cuius
1100 2930 1208 2991 nullum
1229 2931 1297 2992 olibi
1319 2933 1357 2991 in·

252 3037 356 3098 dicium
379 3046 469 3097 extet.
503 3037 534 3096 Id
555 3035 632 3115 quod
648 3034 760 3112 llugius
782 3049 899 3111 quoque
923 3045 952 3094 et
972 3034 1117 3114 llbergius
1139 3045 1308 3095 senserunt:
1331 3037 1358 3094 in

253 3159 375 3222 quorum
395 3144 535 3202 rationem
550 3151 646 3202 tamen
665 3141 781 3200 multum
804 3141 889 3199 abest
902 3150 933 3200 ut
947 3140 1070 3218 pedibus
1089 3159 1161 3202 eam.
1193 3139 1264 3201 Cum
1285 3143 1358 3202 enim

254 3246 412 3307 columnae
441 3247 603 3308 sdsentiant
624 3249 653 3308 in
680 3247 849 3309 Sabinarum
875 3246 972 3306 locum
1001 3256 1114 3306 saturas
1143 3249 1313 3325 reponenti,
1343 3265 1358 3305 e

252 3353 316 3413 lulli
337 3354 465 3413 Victoris
488 3355 652 3414 testimonio
676 3360 857 3432 praetextam
884 3352 1026 3429 quandam
1053 3352 1223 3412 Sabinarum
1245 3354 1358 3412 nomine

254 3458 420 3536 inscriptam
442 3458 609 3535 confingunt
632 3458 731 3536 potius
757 3473 842 3535 quam
863 3457 1021 3534 conligunt.
1068 3458 1130 3532 Qua
1153 3475 1185 3516 re
1208 3458 1304 3515 missis
1326 3456 1358 3515 il·

254 3563 346 3622 lorum
354 3565 522 3622 commentis
534 3563 603 3623 uide
622 3582 686 3622 num
700 3565 764 3642 ipse
776 3581 836 3623 reru
851 3563 1033 3641 probabilius
1048 3563 1258 3642 expediuerim.
1278 3561 1360 3622 Enim

251 3684 324 3728 uero
347 3667 399 3726 luit
422 3667 490 3728 olim
514 3685 630 3727 carmen
649 3668 820 3729 Sabinarum
839 3686 896 3727 nou
919 3668 1069 3746 peculiare
1090 3668 1205 3746 quidem
1222 3668 1274 3728 sed
1292 3685 1359 3747 paru

253 3783 432 3848 saturarum,
463 3784 493 3834 ut
519 3775 628 3852 Scipio.
676 3773 787 3847 Quodsi
814 3782 974 3834 suturarum
1005 3782 1108 3850 quarto
1132 3773 1273 3847 ascribis,
1300 3771 1358 3831 lla·

253 3878 345 3938 crobii
368 3881 505 3938 memoria
524 3884 622 3940 clitro
638 3884 806 3939 Sabinorum
828 3888 941 3954 quarto,
964 3878 1027 3936 siue
1047 3877 1121 3936 haee
1143 3895 1213 3938 uera
1237 3887 1281 3938 est
1299 3876 1358 3936 llu-

252 3983 344 4044 crobii
373 4001 472 4044 munus
501 3986 565 4044 siue
592 3984 677 4043 scioli
706 3985 849 4061 sapientia
873 3991 981 4058 ortum,
1010 3981 1183 4060 explicatur.
1228 3982 1311 4055 Quae
1335 3981 1359 4040 si

253 4099 335 4148 recte
356 4091 481 4165 conieci,
504 4091 570 4150 huie
593 4098 752 4148 saturarum
773 4087 848 4147 libro
870 4085 957 4147 debui
977 4095 1007 4146 et
1027 4087 1147 4146 alterum
1169 4106 1184 4147 a
1204 4087 1277 4146 lulio
1291 4085 1357 4145 Vic-

253 4203 317 4253 tore
346 4195 461 4255 oitatum
490 4196 697 4271 fragmentum,
730 4191 808 4269 quod
831 4192 946 4250 nuncin
967 4193 1085 4253 incertis
1108 4194 1213 4252 saturis
1227 4192 1284 4270 (V)
1310 4190 1357 4250 ha·

252 4298 351 4374 betur,
377 4299 548 4375 adsignare:
571 4299 598 4356 in
622 4315 677 4376 qua
700 4315 733 4356 re
755 4296 826 4357 illud
848 4315 905 4356 non
928 4298 1034 4370 obstat,
1060 4298 1138 4376 quod
1160 4314 1218 4356 nou
1242 4313 1356 4375 compa·
