2984 5048
259 455 320 522 1oe
636 463 990 522 TRAGOEMARVM

773 629 846 704 ffl*

273 743 331 806 135
358 733 455 806 Nerei
474 732 560 804 uatis
786 837 835 907 IV

357 937 512 1010 Lssoerum
534 939 764 1032 quaesundum
783 961 886 1010 musa
905 941 1048 1013 familiae
1069 941 1205 1013 matrim
1231 945 1334 1010 tuae

764 1059 800 1127 V
812 1057 852 1095 ὲ*

356 1156 483 1230 Nonius
503 1183 534 1250 p.
550 1169 622 1243 352,
638 1169 679 1232 23
703 1167 887 1233 ‘numero
908 1162 1074 1256 siguificat
1091 1163 1155 1235 cito
1264 1163 1395 1234 Varro

254 1257 333 1352 aopi
346 1255 532 1357 ἔξαγωγῆςι
556 1263 633 1358 quid
653 1265 772 1356 puera'
793 1264 854 1354 (sio
871 1264 1126 1337 onibbeckius.
1153 1291 1267 1358 puer
1293 1267 1394 1355 libri)

255 1367 427 1456 ‘rogasset
445 1369 478 1436 et
495 1370 666 1457 petasatus
686 1369 792 1458 eapite
813 1369 994 1439 annuisset.
1028 1369 1078 1439 Ao
1099 1370 1287 1440 disoedens
1315 1393 1391 1439 nu-

255 1487 346 1538 mero
365 1469 478 1540 uenire
497 1469 542 1540 ait
559 1467 824 1542 adulescentem!

757 1588 806 1660 V]
818 1587 858 1626 Η

355 1689 481 1760 Nonius
490 1712 522 1782 p.
529 1699 603 1775 400,
614 1701 653 1762 1⁰
668 1691 894 1784 ‘stupidus
911 1693 1032 1764 stultus
1044 1697 1077 1766 et
1090 1693 1232 1788 iniquus
1254 1693 1387 1761 Varro

251 1789 330 1883 arpi
351 1786 535 1886 ἕξαγωγῆςτ
563 1794 777 1864 Andromeda
807 1794 917 1863 uineta
942 1801 974 1866 et
999 1798 1171 1889 proposita
1198 1800 1278 1866 ceto
1306 1818 1382 1864 non

252 1893 364 1964 debuit
379 1895 462 1986 patri
480 1917 558 1980 suo,
583 1895 706 1966 homini
724 1897 960 1988 stupidissima
982 1901 1014 1970 in
1029 1922 1068 1970 os
1084 1921 1204 1992 spuere
1220 1899 1382 1968 uitami’

251 1995 342 2066 Haeo
373 1997 440 2066 duo
471 1999 658 2090 fragmenta
683 1999 893 2070 Varroniana
924 2003 967 2072 ad
991 2003 1087 2072 Ennii
1114 2002 1379 2073 Andromedam

254 2099 417 2192 pertinere
438 2097 476 2172 Ο.
496 2101 696 2172 Ribbeokius
719 2101 917 2194 suspicatur.
1293 2103 1300 2112 '

391 2422 399 2439 .
441 2373 484 2436 υ.
539 2373 547 2391 .
599 2319 678 2392 issiis
695 2220 881 2414 propYe'lrlte
903 2319 1030 2393 obieeta
1049 2345 1122 2394 sum
1142 2325 1305 2394 innocens

353 2423 459 2494 Nerei.
767 2527 844 2598 vm

357 2627 506 2718 Sonipeo
527 2627 680 2698 inuestita
699 2652 801 2715 saxo,
830 2633 928 2722 atque
952 2626 1071 2798 ospreis
1096 2630 1253 2721 squamae
1280 2651 1368 2698 sca-

910 2751 1015 2822 pren.

268 2939 326 3000 140
354 2930 483 3020 Cdrpus
506 2933 762 3023 contemplatur,
780 2832 877 3004 liiirde
899 2933 1090 3024 corporaret
1107 2929 1255 3002 uulnere.
1341 2949 1347 2958 ·

1462 3067 1465 3140 t

252 3129 281 3180 0.
299 3129 454 3181 Ribbeekius
526 3131 558 3180 lil
581 3131 727 3182 Prisoianus
742 3135 788 3184 th
805 3149 831 3199 p.
847 3131 898 3186 733
912 3134 939 3182 Ρ.
958 3131 983 3197 (1
997 3149 1023 3199 p.
1037 3132 1088 3184 297
1100 3130 1146 3196 K.)
1165 3130 1221 3179 ‘his
1242 3131 1362 3187 natabus,
1464 3153 1465 3162 .

251 3199 353 3250 filiabus
441 3201 472 3252 Et
488 3199 548 3251 nitu
565 3203 688 3252 tamenin
704 3203 793 3254 eodem
810 3203 1012 3269 generedietum
1025 3210 1072 3252 est.
1101 3201 1196 3252 Ennius
1215 3201 1240 3248 in
1259 3200 1362 3249 Andro-

250 3269 327 3321 meda
346 3267 416 3334 [1³7.
438 3267 509 3334 1381.
542 3271 625 3321 idem:
645 3271 738 3322 Nerei
753 3273 852 3332 uatis,
871 3285 918 3338 pro
936 3272 1061 3324 natabus:
1090 3272 1144 3320 Huc
1161 3269 1237 3320 refert
1252 3268 1281 3318 0.
1298 3269 1361 3318 Rib-

249 3337 355 3388 beentur
424 3339 458 3388 lV
476 3339 565 3390 Festus
576 3355 603 3404 p.
613 3340 664 3392 258
670 3343 703 3392 Μ.
719 3346 888 3404 ‘quaesere
896 3341 999 3406 ponitur
1007 3341 1039 3390 ab
1050 3341 1216 3403 autiquiapro
1227 3353 1359 3400 quaerere,

249 3413 276 3456 ut
289 3413 327 3456 est
338 3405 407 3472 apud
418 3407 525 3458 Ennium
537 3435 572 3444 —-
580 3416 650 3458 —et
663 3411 687 3458 in
700 3410 876 3459 Andromeda:
893 3409 1013 3458 liberum’
1024 3425 1047 3460 e.
1058 3425 1083 3472 q.
1094 3424 1115 3458 s.
1127 3408 1140 3473 (
1147 3407 1361 3457 andromedo-

249 3475 409 3526 eliberum
425 3473 498 3535 eod.)
567 3477 614 3526 Vll
633 3478 779 3528 Priscianus
789 3479 835 3526 vu
844 3494 870 3543 p.
879 3477 964 3530 adan.
975 3479 1034 3543 (lp.
1044 3475 1146 3540 29711.)
1160 3475 1285 3534 ‘filiabus,
1298 3476 1359 3524 dea-

249 3543 306 3604 bus,
321 3544 435 3606 equabus
501 3545 532 3594 Et
546 3543 632 3596 filiis
645 3555 729 3597 tamen
741 3549 766 3596 iu
778 3547 868 3598 eodem
877 3563 970 3612 genere
983 3547 1078 3596 dietum
1091 3553 1137 3596 eat.
1162 3546 1295 3594 Euniuaiu
1305 3546 1360 3594 An-

250 3613 372 3664 dromede
392 3613 654 3666 ...idestflliabus'
673 3613 1115 3682 (idestNereidibusBamb.)
1185 3613 1359 3663 VlliNouius
1466 3625 1469 3710 p

249 3698 276 3750 p.
285 3681 385 3744 idm
404 3690 551 3750 ‘eoepres
565 3699 612 3750 pro
626 3685 739 3737 scabres.
763 3687 860 3736 Enniam
872 3685 1034 3736 Andromeda
1047 3684 1099 3733 ...'
1127 3684 1216 3732 Festus
1229 3681 1357 3747 paean.

250 3751 395 3820 ‘[sorupi
408 3753 526 3804 dieuntur
539 3753 642 3822 aspera]
657 3770 721 3806 saxa
735 3763 758 3806 et
775 3753 905 3819 diruenda
917 3761 1057 3812 uiuentem,
1071 3767 1198 3818 rupesque
1212 3749 1359 3817 aenigma]-

247 3823 270 3872 ri
288 3823 417 3880 insuetae,
447 3830 490 3872 aut
509 3857 688 3874 ............
704 3824 766 3874 lare.
802 3825 899 3876 Ennius
924 3824 949 3872 in
974 3820 1152 3887 Au[dromede
1176 3855 1340 3869 ...........
1347 3819 1356 3881 l

248 3893 308 3942 tite
335 3899 531 3954 servatque
553 3892 612 3942 hos
640 3927 944 3942 ....................
947 3893 953 3910 ⁸
1024 3890 1061 3939 IX
1087 3889 1184 3939 Nonius
1208 3904 1235 3954 p.
1257 3890 1300 3949 20,
1323 3891 1357 3938 ²2

292 4095 342 4152 136
358 4091 552 4164 quaesundum
566 4091 598 4146 0.
610 4092 784 4148 mamm.
799 4091 991 4164 quaesendum
1005 4091 1097 4162 modyn.
1113 4105 1186 4160 quae
1200 4091 1356 4146 seeundum

248 4177 308 4232 «aa.
325 4181 390 4232 teste
407 4176 446 4232 Η.
460 4176 550 4232 d'eitio
565 4177 583 4230 1.
600 4179 620 4232 1.
630 4195 665 4248 p.
679 4180 733 4236 623
817 4179 867 4236 1³⁶1
886 4178 994 4232 abiecta
1008 4175 1108 4230 nne.
1123 4191 1161 4226 n.
1176 4175 1224 4228 ult.
1245 4177 1355 4230 obiecta

247 4278 285 4314 ur.
301 4275 351 4330 pr.
374 4261 503 4316 αἰανῆ
585 4265 637 4322 139
656 4277 775 4330 sorepeo
797 4259 875 4316 w.
961 4260 1009 4314 tite
1029 4273 1100 4314 saxa
1122 4261 1205 4328 atque
1223 4259 1277 4314 hos
1293 4261 1354 4314 oud.

248 4344 326 4404 Fau
408 4359 543 4418 squamae
560 4352 690 4416 soapreut
704 4344 861 4401 Metaurus.
876 4360 960 4418 quam
973 4345 1139 4398 exerabrent
1152 4342 1216 4396 5η·
