2984 5032
260 459 373 508 xxvur
658 445 965 518 QVAESTIONES

258 617 322 678 Jan.
348 636 411 679 eum
433 615 515 678 Ennii
537 634 624 678 uersu
644 615 720 676 buno
745 633 830 695 quem
853 613 1002 692 Vergilias
1022 621 1053 672 et
1080 611 1154 672 Aen.
1179 609 1218 672 tv
1242 608 1315 670 482
1346 615 1381 668 et

258 723 299 785 vl
320 725 381 786 797
404 725 441 785 de
462 724 579 787 Atlante
606 719 709 785 extulit
730 738 814 780 axem
837 737 932 782 nmero
961 729 1067 798 torquet
1093 724 1178 779 stellis
1202 721 1380 778 erdentrbns

258 843 353 909 optram
384 833 562 912 composuit:
596 833 624 890 ui
650 831 749 890 misum
777 827 828 889 illa
857 837 1006 890 extremae
1032 836 1139 888 tautum
1166 834 1197 886 et
1224 823 1299 885 alibi
1333 822 1376 882 ab

258 939 351 1000 Ennio
389 939 534 1000 adhibitae
572 938 726 998 loeutlouis
764 941 846 997 stada
875 939 1041 1014 sumentibus
1073 934 1152 1012 (siue
1185 930 1377 1008 ardentibus)

257 1056 353 1124 aptum
375 1047 515 1107 rationem
536 1043 644 1105 habuit.
666 1041 770 1122 Neque
787 1051 883 1102 tamen
905 1043 1039 1122 qnoniam
1060 1041 1161 1103 Iouem
1180 1049 1289 1102 tautam
1308 1057 1376 1100 uon

189 1151 196 1166 '
259 1153 414 1233 oportebat
443 1152 478 1214 ab
506 1152 607 1213 Aenea
633 1149 760 1225 laudarI,
793 1149 860 1210 ideo
889 1158 934 1210 est
961 1159 990 1208 ut
1018 1148 1084 1209 biae
1113 1167 1229 1210 uersum
1258 1147 1377 1208 iubeas

259 1260 389 1322 exulare.
433 1260 471 1320 nt
498 1278 568 1320 uero
590 1258 714 1318 Atlantis
744 1274 861 1337 quoque
888 1256 1018 1340 Aeaeam
1046 1257 1219 1318 mentionem
1249 1256 1374 1317 lenisse

256 1366 405 1445 VergiIIus
428 1367 513 1428 lidem
536 1365 619 1426 lacit:
648 1373 677 1425 ut
699 1364 755 1425 bue
776 1373 859 1424 reete
887 1364 1073 1442 ascripserim
1092 1365 1187 1425 Seruii
1215 1364 1260 1442 (iu
1283 1362 1373 1424 Aen.

257 1475 269 1536 I
288 1475 359 1536 741.
375 1473 415 1535 IV
431 1473 506 1554 246)
529 1473 565 1534 de
581 1471 757 1546 Telamone,
781 1470 905 1531 Atlantis
928 1472 1042 1532 nomiae
1057 1470 1205 1547 Romano,
1228 1472 1371 1532 testiuro·

257 1585 332 1642 niam
344 1581 510 1662 (XXVIII).
533 1580 596 1641 Heu
608 1582 682 1642 enim
694 1578 814 1641 Ennium
827 1597 879 1663 suo
890 1596 983 1655 more,
996 1595 1081 1657 quem
1094 1596 1181 1659 supra
1193 1580 1288 1658 tetigi,
1303 1589 1371 1641 sta·

257 1691 305 1750 tIm
329 1691 357 1749 io
380 1691 470 1769 prima
485 1688 609 1750 Atlantis
629 1685 824 1765 adpellatIone
845 1685 998 1765 probabile
1017 1665 1062 1747 est
1076 1679 1231 1748 adiecisse.
1267 1685 1370 1764 Frag-

208 1856 211 1865 ,
256 1806 351 1857 meato
373 1795 455 1856 XXX
475 1795 553 1876 quod
574 1795 640 1854 item
662 1793 781 1854 Aeneae
804 1793 893 1854 uerba
916 1795 1056 1853 uoudueri
1075 1792 1209 1871 Vergilio
1232 1795 1369 1854 oonlisus

256 1905 357 1979 statui,
381 1911 515 1982 poterant
535 1901 585 1962 illa
610 1919 703 1980 aeque
725 1898 802 1960 bene
825 1898 862 1960 ab
890 1899 1005 1960 Albaue
1033 1919 1105 1978 rege
1134 1901 1247 1962 efferri:
1281 1901 1369 1980 apud

256 2010 425 2086 Dionysium
440 2009 555 2089 quidem
566 2006 658 2068 Helio.
671 2005 769 2085 AntIq.
783 2004 866 2070 Rom.
883 2004 897 2065 I
911 2006 951 2067 58
970 2027 998 2088 p.
1015 2007 1073 2068 149
1084 2006 1184 2070 Reisk.
1198 2009 1316 2070 batibus
1335 2009 1367 2067 in

255 2118 330 2179 bauo
353 2117 436 2178 Ennii
466 2117 563 2178 uersui
592 2113 762 2174 simillimam
790 2117 987 2176 sententiaro?
1007 2116 1116 2189 πίστεις
1141 2105 1254 2177 τούτων
1285 2105 1368 2191 ἀξιῶ

256 2225 361 2285 δοῦναι
381 2221 431 2284 καλ
458 2225 573 2303 λαβεῖν,
596 2213 628 2281 αλ
654 2213 836 2298 φυλάξουσιν
862 2211 935 2300 ἡμῖν
960 2213 1087 2296 ἆδόλους
1119 2212 1172 2295 τὰς
1202 2208 1366 2302 ὃμολογίαξ

255 2331 391 2409 loquitur.
436 2329 482 2390 Ad
503 2329 623 2389 Aeneae
654 2346 711 2388 non
733 2327 883 2388 admodum
905 2329 1024 2390 breuem
1047 2329 1260 2408 expositionem
1282 2347 1365 2409 quae

255 2455 307 2497 rex
324 2436 417 2496 Albae
439 2437 623 2516 responderit
644 2437 804 2496 roselmus:
828 2436 972 2514 praemitti
991 2437 1018 2498 ei
1037 2451 1182 2515 responso
1204 2436 1239 2496 lr.
1259 2433 1362 2496 XXXI

255 2544 383 2620 uidetur,
413 2545 490 2623 quod
510 2553 604 2605 tamen
626 2545 713 2605 labile
743 2543 902 2604 ooneedam
925 2543 1010 2604 etlam
1038 2542 1106 2603 allbi
1133 2551 1227 2622 aptam
1256 2541 1361 2602 sedem

253 2650 397 2710 uauoisei'
412 2652 559 2728 potuisse,
589 2650 669 2710 uelut
691 2650 761 2711 illud
789 2667 846 2710 uon
876 2652 1002 2730 ineptum
1032 2660 1093 2727 est,
1121 2648 1199 2731 quod
1227 2649 1361 2710 editores

254 2773 291 2816 eo
306 2774 393 2816 uersu
410 2755 554 2816 Amulium
573 2757 720 2833 desIgnari
738 2756 901 2818 uoluerunt.
958 2756 1004 2819 Ad
1021 2757 1141 2818 Aeneae
1153 2774 1273 2834 reguum
1288 2775 1359 2836 per·

252 2863 324 2922 tiuet
342 2861 418 2923 haud
436 2861 521 2922 dubie
544 2863 580 2922 lr.
606 2860 732 2937 XXXII,
762 2881 930 2943 quamquam
954 2874 1076 2944 propter
1104 2869 1243 2942 quondm
1264 2863 1356 2941 parti·

252 2969 347 3032 eulam
375 2987 439 3030 eum
465 2969 500 3029 lr.
531 2967 609 3028 XXI.
639 2966 720 3028 XXII
751 2973 865 3030 ooaeoti
894 2989 951 3031 nou
978 2971 1085 3032 debuit.
1132 2970 1195 3046 Qua
1223 2986 1256 3029 re
1287 2986 1354 3028 eum

253 3075 449 3154 neutroque
471 3075 508 3136 de
531 3074 599 3134 loeo
619 3075 772 3152 fragmenti
793 3076 984 3138 eonieotaodo
1006 3093 1064 3137 nou
1086 3079 1225 3153 emerim,
1253 3077 1281 3135 iu
1303 3094 1356 3136 ex-

252 3189 344 3243 trema
366 3181 403 3243 de
426 3181 528 3244 Aenea
549 3182 713 3243 narratione
734 3183 866 3262 adposui
946 3181 1067 3244 Aeneae
1090 3183 1198 3244 obitum
1219 3183 1355 3260 tetIgIsse

251 3295 368 3369 poetam
389 3299 418 3350 ut
435 3287 658 3370 probabilem,
681 3289 720 3350 ita
738 3307 796 3369 quo
812 3291 875 3351 lere
891 3291 977 3353 modo
990 3311 1054 3352 eum
1067 3291 1205 3370 tedgerit,
1228 3290 1354 3350 eSeruii

253 3397 297 3475 (lu
313 3395 388 3456 Aen.
412 3395 451 3456 v1
468 3395 545 3475 778)
563 3397 727 3456 testimonio
744 3397 882 3472 discitur,
906 3400 954 3475 qui
966 3397 1095 3460 Aeneam
1110 3415 1177 3458 esse
1191 3397 1265 3456 iuter
1280 3396 1354 3456 deos

251 3503 418 3564 translatum
432 3501 576 3580 perbibuit
595 3500 761 3584 (XXXIII).
798 3503 1039 3582 Atquedeneas,
1061 3514 1092 3564 ut
1106 3523 1144 3564 ex
1156 3502 1226 3564 Iliae
1241 3504 1353 3562 somnio

252 3611 318 3690 (45.
341 3608 399 3690 48)
417 3609 583 3687 configitur,
607 3618 673 3670 ante
691 3611 836 3670 ineuntem
848 3610 910 3668 eius
933 3610 1122 3672 calamitatem
1145 3619 1272 3671 mortuus
1296 3619 1350 3670 est.

334 3717 434 3797 Itaque
451 3717 567 3778 deuenit
581 3718 736 3796 disputatio
752 3717 786 3778 ad
801 3715 891 3793 Illam,
909 3735 992 3796 quam
1009 3719 1084 3797 apud
1099 3717 1219 3780 Erulum
1232 3717 1351 3778 Aeneae

250 3834 365 3903 gnatam
387 3824 477 3885 luisse
499 3841 557 3884 oon
577 3824 675 3887 lallaoi
698 3825 792 3884 Seruii
814 3825 979 3885 testimonio
1003 3832 1116 3884 constat
1145 3825 1188 3903 (in
1211 3822 1285 3884 Aen.
1309 3822 1350 3883 vt

251 3931 345 4011 778):
368 3936 432 3991 dicit
456 3949 575 4010 nomque
596 3930 736 4010 (Ennius)
759 3934 843 3991 Itium
867 3935 957 4009 saraae
973 3937 1062 4008 filiam
1085 3935 1210 3994 Aenaoer
1234 3935 1353 4008 quodsi

250 4049 297 4115 est,
322 4043 430 4100 Aeneas
452 4057 523 4098 anua
545 4047 586 4098 eat
609 4041 728 4098 Romuli.
782 4037 827 4098 De
852 4056 911 4119 quo
942 4038 1106 4098 tesbmooio
1128 4043 1250 4115 propter
1278 4041 1353 4114 qnod

247 4151 273 4206 si
300 4156 340 4208 est
360 4145 536 4206 locutionem
550 4143 725 4206 addubitauit
742 4145 950 4224 Sobueglerus
967 4145 1054 4226 (IIist.
1072 4143 1155 4204 Rom.
1178 4141 1190 4202 I
1211 4159 1240 4221 p.
1258 4142 1348 4220 407),

136 4297 143 4314 .
247 4271 283 4314 ao
304 4252 484 4336 exploratam
498 4269 559 4312 rem
578 4251 698 4313 Seruius
722 4253 836 4332 prodat,
859 4271 894 4316 ao
909 4271 966 4314 nou
978 4253 1074 4333 potius
1092 4251 1141 4313 illa
1162 4268 1199 4310 ex
1213 4248 1348 4326 ambiguo

247 4357 331 4422 Ennii
353 4358 432 4420 dleto
456 4375 508 4419 suo
530 4359 662 4438 pertento
690 4361 877 4422 ooooluserit.
921 4359 987 4420 Non
1011 4359 1090 4433 iure,
1116 4359 1139 4418 sl
1161 4357 1228 4436 quid
1250 4355 1346 4418 uideo.
