3112 5040
623 453 853 510 ENNIANAE
1236 465 1296 514 101

185 615 269 676 dictis
300 633 335 676 ac
368 618 534 694 praeceptis
565 616 602 676 de
633 617 760 678 moribus
783 617 979 692 distinxisset,
1008 617 1129 677 Ennlum
1152 619 1294 680 credibile

183 731 228 780 est
249 721 416 780 indehuius
435 723 553 798 generis
579 740 653 801 quae
685 726 747 784 usui
781 725 963 799 uiderentur,
995 723 1174 801 expiscatum
1208 741 1292 784 esse:

183 843 352 904 quamquam
383 829 490 886 certius
528 828 656 888 iudicare
694 840 750 890 tam
781 829 865 888 Ennii
896 847 980 906 quam
1014 827 1129 888 Sotadis
1158 828 1292 905 reliquia·

182 949 244 990 rum
270 933 395 990 tenuitas
425 951 483 993 noo
512 935 588 994 sinit.
637 934 810 1012 Fragmenta
840 944 897 993 tam
931 943 1010 992 certa
1039 951 1123 1010 quam
1148 932 1294 1010 probabili

182 1038 349 1096 coniectura
372 1037 428 1098 huc
455 1039 545 1099 relata
570 1048 663 1098 metro
686 1039 824 1100 Sotadicu
856 1040 1035 1115 conscripta:
1062 1048 1091 1098 at
1119 1055 1174 1098 nec
1200 1039 1292 1098 solius

182 1143 264 1201 metri
279 1159 365 1202 cansa
378 1142 435 1202 lruc
447 1162 552 1204 nomen
568 1147 684 1206 carmini
699 1149 877 1225 inscriptum,
895 1163 949 1206 nec
965 1143 1048 1204 huius
1063 1145 1172 1204 numeri
1188 1162 1292 1204 uersus

182 1247 303 1308 Enniani
327 1266 427 1310 omnes
448 1252 511 1310 iure
533 1252 568 1311 ad
593 1252 650 1312 huc
669 1260 773 1330 poema
798 1251 980 1312 referuntur:
1011 1251 1089 1326 quod
1113 1249 1222 1326 llugius
1241 1267 1291 1308 no·

182 1355 248 1414 luit:
273 1357 402 1433 quicum
422 1375 486 1414 eum
509 1375 594 1434 quem
610 1356 639 1414 in
653 1365 924 1432 quartusatnrarum
948 1356 1072 1432 adposui
1095 1365 1188 1414 metro
1207 1356 1291 1416 Sota·

182 1461 239 1520 deo
267 1460 492 1539 descripsisset,
529 1463 559 1521 in
587 1461 642 1521 bac
665 1471 778 1537 satura,
815 1480 899 1540 quam
927 1478 984 1520 oon
1011 1461 1155 1520 diuersam
1182 1460 1291 1520 asota

182 1562 296 1639 habuit,
323 1566 461 1644 quidquid
489 1587 526 1628 ex
548 1567 632 1627 Ennii
660 1567 854 1628 Sotadeorum
884 1567 987 1626 citatur
1020 1565 1171 1625 conlocari
1198 1566 1290 1626 iussit.
1376 1617 1378 1620 .

182 1668 267 1741 Quod
289 1688 339 1728 cor
362 1673 489 1749 probare
512 1691 671 1752 nequeam,
694 1673 733 1733 ibi
755 1674 812 1732 dixi
835 1673 883 1732 ubi
905 1672 942 1730 de
961 1670 1013 1730 illo
1036 1679 1196 1730 saturarum
1215 1668 1290 1729 libro

181 1775 320 1852 exposui:
344 1786 432 1855 atque
456 1788 485 1837 ut
509 1779 595 1838 inerit
616 1765 687 1838 Sota
714 1795 782 1856 pars
807 1789 983 1853 saturarum,
1012 1759 1137 1836 nonest
1158 1793 1209 1834 cur
1234 1782 1291 1835 tato

182 1890 244 1940 arte
273 1883 301 1940 io
326 1881 384 1942 boc
412 1891 499 1961 poeta
526 1885 588 1944 eius
620 1886 730 1944 numeri
763 1902 844 1944 usum
882 1883 1167 1955 circumscribamus,
1206 1898 1291 1957 quem

182 1994 287 2061 postea
308 1987 388 2046 multi
416 1996 523 2067 poetae
546 2006 603 2048 non
625 1992 653 2048 in
676 1992 803 2050 saturico
827 1999 934 2050 tantum
956 2005 1067 2066 genere
1090 1985 1289 2046 adhibuerunt.

267 2090 311 2150 Ad
339 2103 451 2154 saturas
478 2097 579 2154 nescio
609 2113 645 2155 an
675 2106 757 2156 recte
784 2096 951 2155 referantur
978 2093 1194 2168 Praecepta
1228 2091 1290 2148 siue

180 2195 457 2275 Protrepticus:
487 2218 551 2260 narn
580 2203 657 2280 quod
685 2211 713 2260 ct
734 2201 844 2278 Hugius
869 2201 939 2261 uidit
962 2209 990 2259 et
1013 2200 1076 2276 ipsc
1105 2197 1198 2256 statim
1221 2212 1290 2254 con·

180 2304 251 2377 ieci,
281 2304 324 2362 sic
353 2304 508 2381 dupliciter
535 2314 623 2384 poeta
646 2317 675 2366 et
693 2307 792 2368 Latine
811 2315 841 2364 et
860 2305 973 2365 Graece
1009 2320 1094 2363 unum
1123 2301 1226 2362 librum
1248 2303 1289 2360 in·

180 2408 312 2486 scripsit:
336 2409 372 2468 de
395 2410 476 2468 cuius
498 2411 595 2472 indole
618 2413 684 2473 libri
705 2432 739 2472 ac
761 2412 880 2473 materia
902 2410 990 2488 plane
1010 2408 1151 2468 caecutio.
1196 2404 1288 2482 Frag-

180 2524 276 2573 mento
305 2514 398 2573 altero
428 2514 567 2576 Columna
596 2536 625 2596 p.
657 2519 713 2578 191
744 2536 801 2578 non
827 2519 924 2594 inepte
947 2522 1027 2593 putat
1050 2513 1289 2590 ‘comparatione

181 2637 217 2679 ex
240 2620 389 2697 agricolae
412 2619 559 2696 diligentia
582 2622 666 2682 ducta
690 2630 805 2701 poetam
825 2621 972 2681 monuisse
993 2626 1147 2694 corruptos
1167 2634 1289 2694 prauus·

180 2744 236 2803 que
263 2725 489 2785 adulescentium
513 2745 625 2803 mores,
654 2725 807 2807 antequam
827 2728 971 2788 firmiores
994 2726 1021 2782 in
1044 2733 1162 2782 teneros
1189 2740 1289 2782 eorum

180 2832 289 2889 animos
320 2830 434 2890 radices
463 2842 549 2908 agant
582 2842 610 2892 ct
632 2835 722 2894 maius
756 2834 896 2913 temporis
919 2830 1113 2892 diuturnitate,
1131 2829 1290 2906 suscipiant

180 2937 405 3010 incrementum,
435 2938 617 2997 suasionibus
639 2938 723 2996 minis
744 2936 975 3015 uerberibusque
1003 2933 1129 2996 funditus
1147 2951 1214 2992 csse
1238 2952 1288 2992 ex·

180 3043 343 3119 tirpandos:
367 3044 445 3120 quod
469 3045 584 3121 quidem
608 3043 734 3123 prudens
757 3051 840 3120 pater
857 3041 980 3102 familias
999 3057 1056 3098 noo
1079 3040 1180 3099 minori
1203 3040 1289 3098 sedu-

178 3148 257 3208 litate
291 3147 412 3206 eificere
447 3146 555 3208 debeat
589 3166 672 3226 quam
703 3159 844 3226 expertus
877 3144 1025 3223 agricola,
1062 3145 1109 3220 qui
1139 3143 1185 3202 ubi
1211 3144 1290 3204 uidet

179 3272 297 3314 auenam
331 3252 430 3312 lolium
460 3270 599 3312 crescere
634 3256 708 3314 inter
740 3256 865 3314 triticum
899 3249 1006 3326 selegit
1038 3248 1167 3307 secernit
1195 3246 1291 3308 aulert

180 3360 312 3419 sedulo.'

262 3463 572 3540 Hedaphagetica
596 3483 694 3526 uerum
717 3486 785 3528 esse
809 3467 891 3530 huius
915 3463 1049 3524 carminis
1076 3459 1200 3520 indicem
1221 3457 1289 3519 Flo·

179 3569 305 3628 rentinus
329 3567 457 3645 Appulei
477 3570 650 3644 persuadet:
677 3590 730 3649 pro
765 3593 823 3653 qno
852 3572 919 3632 olim
943 3573 1107 3644 Phapetiem
1144 3569 1290 3641 Phasmate,

178 3678 383 3750 Hedpputla‘co,
403 3676 632 3748 Hcdppattetiuu‚
655 3674 710 3734 alia
730 3675 873 3735 ferebant.
918 3673 950 3732 ln
973 3689 1008 3730 eo
1032 3673 1158 3730 carmine
1181 3671 1290 3730 Ennius
1344 3695 1348 3710 ·

178 3780 299 3857 piscium
323 3793 473 3838 censuram
504 3779 564 3854 egit
588 3777 806 3840 Archestratum
830 3779 986 3839 Gelenscm
1012 3785 1147 3849 secutus,
1173 3776 1209 3834 de
1232 3792 1290 3852 quo

178 3885 244 3944 uide
262 3883 477 3959 Bernhardyum
498 3883 562 3944 Litt.
583 3883 687 3944 Graec.
706 3884 733 3943 ll
749 3903 776 3963 p.
800 3883 871 3943 927.
918 3880 1236 3940 Archestratioarmen
1254 3880 1290 3938 ab

178 3991 241 4050 aliis
276 3990 333 4050 allo
365 3989 448 4048 titulo
487 3989 583 4066 (rrelut
615 3988 830 4070 pocrpovoplu,
868 3977 1055 4065 lcumena,
1094 3983 1291 4062 desmvoloylo,

178 4087 338 4174 ὀψοποιΐα)
363 4094 431 4154 clim
453 4093 596 4154 laudatum
620 4114 688 4154 esse
711 4096 880 4155 Athenaeus
904 4101 1037 4165 testatur,
1060 4090 1135 4149 idem
1154 4091 1202 4148 cui
1223 4089 1290 4166 reli·

178 4201 260 4277 quies
284 4201 421 4280 quasdem
450 4219 467 4258 e
497 4199 632 4258 uersibus
653 4200 836 4260 Archestrati
860 4197 1011 4257 debemus.
1064 4195 1146 4268 Quae
1176 4193 1291 4271 quidem

178 4303 298 4365 Ennium
330 4307 359 4366 in
386 4307 508 4382 singulis
537 4305 658 4384 propius
688 4313 818 4364 secutum
854 4321 922 4362 esse
952 4299 1134 4362 Archestrati
1166 4301 1292 4376 uestigia
