2984 5032
242 439 302 484 mv
643 423 954 492 QVAESTIONES

242 565 367 667 Pyrrhus
396 589 464 650 dicit
491 590 553 648 siue
576 585 698 662 Cineas,
729 587 879 646 uictoriam
902 587 1016 647 scilicet
1035 585 1264 646 Heracleensem
1291 603 1366 644 non

242 697 333 755 luisse
357 695 524 767 uictoriam,
547 693 680 771 quoniam
702 691 823 750 Romani
840 710 873 752 sc
890 694 985 752 uictos
1007 710 1064 751 non
1085 692 1253 751 faterentur.

327 798 429 858 Asculi
456 816 579 877 pugnam
603 815 686 856 unum
708 797 851 872 significat
875 796 1008 856 indicium
1032 797 1068 856 de
1091 795 1201 871 Decio,
1230 804 1260 855 ut
1280 797 1363 857 mihi

243 907 335 965 uisum
357 913 417 981 est,
444 911 569 981 nepote,
600 903 648 978 qui
672 901 746 980 apud
762 901 883 960 Ennium
910 903 999 980 patris
1022 903 1125 980 auique
1144 902 1280 980 exemplo
1304 901 1362 961 dis

243 1011 372 1071 manibus
401 1028 434 1069 sc
465 1009 626 1068 deuouerit.
672 1006 763 1079 Quam
792 1023 853 1065 rem
880 1015 977 1066 notum
1005 1014 1051 1065 est
1077 1026 1094 1066 a
1116 1007 1196 1065 nullo
1224 1009 1359 1085 scripto-

244 1131 277 1171 re
299 1114 452 1172 memorari
482 1122 601 1192 praeter
622 1109 795 1171 Ciceronem
820 1109 1034 1187 (Tusc.137,
1059 1109 1107 1170 89.
1131 1111 1167 1171 de
1191 1113 1238 1170 lin.
1264 1113 1292 1171 h.
1319 1121 1360 1171 et

244 1235 280 1275 nr.
299 1215 398 1292 1119,
422 1219 471 1279 61:
490 1219 527 1278 cl.
552 1217 741 1277 Freinshemii
761 1215 911 1295 supplem.
933 1214 1004 1273 Liuii
1020 1213 1060 1274 lll
1077 1214 1150 1294 42):
1175 1235 1260 1294 quem
1279 1217 1357 1276 Nie-

244 1321 361 1380 buhrius
383 1321 455 1382 Hist.
476 1324 559 1383 Rom.
576 1322 617 1383 lll
639 1320 700 1381 592
724 1339 863 1399 perquam
883 1319 1075 1398 probabiliter
1097 1340 1160 1380 eam
1182 1325 1358 1383 memoriam

244 1425 379 1484 exEnnii
401 1429 551 1488 annalibus
573 1429 706 1488 hausisse
727 1427 889 1486 arbitratur.
927 1424 966 1482 Vt
980 1424 1051 1483 nihil
1067 1425 1165 1486 obstet
1184 1429 1356 1504 quominus

243 1528 295 1588 has
316 1547 422 1608 preces
443 1550 515 1609 quas
536 1533 571 1591 lr.
592 1531 688 1591 XVlll
709 1532 802 1591 refert
823 1530 907 1590 Decii
929 1547 996 1588 esse
1015 1531 1219 1590 existimemus.

329 1635 450 1696 Restant
471 1639 524 1696 tria
542 1638 703 1714 fragmenta
723 1635 817 1712 (xlx.
841 1634 905 1694 XX.
928 1632 1029 1712 XXI),
1051 1653 1125 1713 quae
1141 1636 1205 1696 lere
1222 1655 1280 1696 non
1297 1639 1354 1698 du·

243 1740 304 1799 bito
327 1742 396 1818 quin
418 1759 434 1798 e
452 1740 541 1799 rebus
557 1740 592 1799 ad
607 1741 802 1800 Beneuentum
818 1741 909 1817 gestis
926 1740 1097 1817 deprompta
1114 1741 1179 1798 sint.
1214 1741 1256 1802 lta
1273 1745 1354 1803 enirn

245 1840 414 1902 Plutarchus
430 1844 466 1903 dc
481 1844 590 1919 Pyrrho
607 1846 643 1904 ad
662 1854 756 1905 castra
771 1844 900 1904 Romana
915 1843 1121 1922 proficiscente
1139 1861 1166 1902 o.
1182 1845 1238 1905 25:
1262 1842 1354 1907 σπεύ-

245 1944 306 2004 δων
327 1931 383 2006 οὖν
404 1939 556 2029 ὃΠτῖρρος
578 1941 738 2009 ἐπιθέσθαι
752 1942 873 2022 τούτοις,
894 1946 966 2027 πρῖν
980 1946 1109 2020 ἐκείνους
1126 1937 1272 2025 ἐπελθεῖν,
1294 1942 1353 2010 εῖν-

245 2048 317 2128 δρας
340 2071 370 2110 τε
396 2043 464 2125 τούς
493 2053 663 2133 κρατίστους
687 2051 739 2112 παῖ
766 2055 824 2112 τοῖν
844 2053 961 2133 θηρίων
981 2042 1018 2110 τὰ
1039 2045 1228 2129 μαχιμώτατα
1250 2044 1354 2132 λαβὼν

245 2173 383 2225 νυκτος
402 2147 570 2234 ὥρμησεν
592 2147 653 2220 ἐπὶ
680 2147 718 2217 τὸ
740 2150 1004 2237 στρατόπεδον.
1047 2148 1187 2237 περιϊόντι
1213 2153 1246 2216 dl
1267 2147 1352 2240 αὐτῷ
1446 2155 1451 2170 ’

245 2252 365 2336 μακροῖν
390 2258 441 2319 καῖ
469 2262 589 2323 δασεῖαν
610 2255 694 2334 ὕλαις
719 2252 791 2324 ὁδὸν
817 2253 886 2322 οὖν
916 2251 1069 2338 ἀντέσχε
1097 2250 1138 2319 aab
1162 2263 1264 2336 φῶτα
1298 2258 1352 2319 ιιαῖ

243 2353 354 2423 πλοῖναι
385 2368 446 2438 τοῖς
473 2359 663 2445 στρατιώταις
689 2364 861 2444 συνέτυχον·
894 2362 944 2423 καῖ
971 2364 1038 2445 περῖ
1069 2367 1161 2425 ταῦτα
1193 2363 1353 2444 γινομένης

245 2465 397 2546 διατριβῆς
418 2461 439 2546 ἥ
464 2491 500 2530 τε
525 2461 590 2544 νῖιξ
611 2469 759 2530 ἐπέλιπε
781 2453 1139 2546 παῖιιαταφανὴςῆν
1154 2459 1213 2545 ἅμ’
1232 2461 1352 2553 ἡμέρᾳ

245 2575 325 2643 τοῖς
351 2575 550 2651 πολεμίοις
571 2559 824 2655 ἐπερχόμενος
846 2563 918 2632 dud
937 2573 1010 2632 τοῖν
1032 2565 1171 2653 ἄκρων,
1201 2566 1272 2632 ὥστε
1291 2570 1349 2633 θό-

246 2677 339 2754 ρυβον
360 2668 454 2737 πολὺν
476 2676 527 2736 καλ
553 2680 669 2755 κίνησιν
683 2679 855 2754 παρασχεῖν.
901 2673 945 2736 Gi.
968 2675 1143 2737 Niebuhrins
1165 2677 1239 2738 Hist.
1264 2677 1347 2736 Rom.

244 2779 285 2839 lll
307 2779 376 2842 608.
421 2780 456 2839 Ei
476 2780 620 2840 Plutarchi
637 2782 791 2841 narrationi
810 2797 867 2838 non
882 2780 978 2841 habeo
997 2784 1074 2860 quod
1093 2783 1128 2843 ad
1147 2783 1347 2842 commendan-

246 2886 310 2945 dam
335 2885 450 2945 illorum
471 2903 607 2944 uersuum
639 2886 870 2944 conlocationem
899 2894 947 2943 aut
976 2903 1091 2945 sensnm
1123 2904 1222 2945 eorum
1253 2888 1346 2965 aperi-

245 2989 348 3048 endum
386 2989 516 3048 adiciam.
574 2987 606 3047 ln
638 2997 769 3047 extremo
803 2986 877 3046 libro
908 2987 985 3046 illam
1024 3007 1039 3048 a
1069 2988 1212 3049 Cicerone
1246 2991 1282 3050 de
1312 3010 1345 3050 re

245 3093 361 3171 publica
388 3091 429 3151 lll
456 3093 491 3167 3,
523 3093 695 3152 6traditam
721 3091 764 3151 M’
795 3090 873 3151 Curii
901 3092 1015 3152 landem
1039 3095 1186 3170 egregiam
1213 3097 1346 3173 adposui,

244 3215 301 3256 non
327 3195 549 3275 inprobabiliter
575 3199 697 3275 opinor,
726 3199 750 3256 si
779 3215 876 3256 rerum
905 3197 932 3255 in
960 3206 1090 3256 extremo
1117 3199 1240 3257 maxime
1265 3199 1346 3258 hello

244 3321 260 3360 a
284 3299 372 3360 Curio
395 3310 541 3378 gestarum
563 3310 592 3359 et
614 3301 776 3360 ubertatem
798 3309 827 3359 et
846 3300 1036 3377 granditatem
1060 3303 1212 3379 respicias.
1257 3302 1346 3362 Extu-

245 3406 311 3465 lerit
339 3407 425 3481 igitur
450 3406 529 3465 illum
553 3423 668 3463 uersum
691 3405 799 3463 Ennius
821 3405 869 3463 uel
892 3407 920 3463 in
943 3405 1105 3465 enarrando
1128 3405 1262 3483 triumphi
1284 3408 1347 3466 eius

245 3527 302 3586 quo
326 3514 400 3566 ‘non
425 3508 573 3587 pulchrior
593 3510 667 3567 ullus
687 3519 734 3568 aut
756 3511 920 3586 speciosior
942 3511 970 3568 in
989 3508 1089 3568 urbem
1109 3510 1239 3567 intrauit'
1263 3508 1346 3585 (Flo-

244 3632 293 3671 rus
312 3613 389 3691 Epit.
406 3614 419 3674 l
437 3611 473 3672 13
498 3613 699 3692 patiam.)
722 3614 880 3691 splendore
901 3633 935 3674 ac
958 3613 1180 3690 magnificentia.
1217 3612 1262 3672 Ac
1280 3613 1346 3672 dum

245 3719 370 3777 uirorum
398 3718 446 3795 qui
475 3716 532 3774 hoc
557 3716 637 3775 bello
666 3717 830 3776 claruerunt
857 3727 913 3776 tam
938 3718 1014 3777 domi
1039 3716 1243 3794 praestantiam
1262 3734 1345 3793 quam

243 3821 360 3880 militiae
388 3823 520 3879 uirtutem
549 3821 685 3880 adnecto:
720 3822 768 3880 uel
801 3822 927 3881 Fabricii
958 3823 1136 3896 memineris,
1174 3821 1241 3896 ‘qui
1273 3819 1344 3878 dilli-

245 3924 328 3982 cilins
363 3924 399 3982 ah
440 3924 542 3981 itinere
577 3924 643 3981 iusti
684 3933 712 3983 ct
751 3925 864 3983 honesti
907 3944 990 4003 quam
1027 3945 1043 3985 a
1080 3943 1165 3984 cursu
1203 3939 1255 3981 suo
1299 3923 1344 3980 sol

244 4028 336 4084 auerti
366 4028 475 4104 potuit’
502 4036 530 4085 et
559 4029 620 4086 eins
641 4049 720 4102 quem
742 4047 819 4087 acmo
839 4034 919 4103 ferro
942 4049 994 4088 nec
1015 4051 1084 4088 auro
1105 4047 1243 4104 superare
1258 4032 1346 4101 potuit

245 4127 440 4206 aliorumque:
473 4131 606 4189 ‘illorum
629 4139 790 4208 temporum
819 4135 948 4209 speciem
978 4132 1128 4209 amplexus
1151 4133 1243 4190 animo
1265 4130 1343 4189 uide·

244 4239 290 4288 tur
317 4238 421 4308 poeta,
449 4252 512 4292 cum
541 4239 659 4294 moribus
683 4241 804 4310 uirisque
831 4241 948 4310 antiquis
975 4254 1034 4294 rem
1061 4239 1216 4296 Romanam
1242 4241 1343 4294 stetim
