2984 5032
570 455 797 512 ΕΝΝΙΑΝΑΕ
1135 462 1236 510 xxt‘u

8 655 9 664 ι
134 621 245 683 Nonius
268 640 297 702 p.
324 621 402 698 197,
426 620 445 681 8
468 631 498 682 et
515 618 662 684 llbarieius
685 621 697 682 l
716 641 744 702 p.
768 621 808 682 55
829 621 860 684 P.
879 621 1057 698 coniungunt
1076 621 1151 699 (inc.
1173 619 1237 680 sed.

135 727 252 807 XXV),
275 747 333 789 non
352 730 446 808 possit
468 744 525 787 non
555 746 592 790 ex
621 728 769 790 annalibus
797 731 987 808 depromptus
1016 745 1094 788 esse.
1134 725 1236 806 Neque

135 853 208 896 uero
231 835 288 897 alio
311 838 430 915 saepius
451 836 578 896 carmine
601 839 645 896 usi
668 846 733 897 sunt
757 838 935 914 grammatici
964 853 1047 915 quam
1076 834 1237 912 annalibus,

135 951 166 1004 ut
188 943 216 1002 si
234 944 271 1004 de
293 961 381 1004 uersu
401 944 570 1004 hexametro
594 953 697 1022 agatur
717 952 766 1004 aut
788 947 837 1022 qui
859 944 991 1007 uideatur
1009 961 1078 1004 esse
1103 943 1239 1004 hexame-

137 1057 193 1124 ter,
216 1049 340 1110 omnium
362 1052 483 1130 primunr
506 1051 620 1128 cogites
642 1050 678 1110 de
698 1050 857 1111 annalibus.
886 1050 987 1111 Eidem
1000 1049 1146 1130 episodio,
1169 1067 1239 1110 con·

138 1155 198 1216 lato
217 1158 339 1216 maxime
361 1156 502 1234 Aeschyli
521 1159 614 1218 Prona.
639 1155 711 1233 214,
735 1160 836 1218 nescio
860 1177 896 1218 an
916 1159 951 1220 ir.
973 1157 1054 1236 LIX,
1077 1161 1102 1218 si
1124 1158 1239 1238 quidem
1303 1155 1309 1172 '

138 1273 221 1324 recte
243 1283 259 1324 a
278 1283 324 1326 me
344 1266 525 1338 emendatum
546 1274 602 1341 est,
627 1265 796 1324 conueniat:
820 1264 897 1345 quod
918 1265 968 1341 ibi,
989 1265 1037 1326 ubi
1058 1283 1134 1326 nunc
1150 1264 1238 1326 babe-

137 1379 193 1449 tur,
216 1390 317 1453 parum
339 1382 406 1452 apte
431 1373 580 1434 conlocari
601 1389 670 1432 sero
692 1370 844 1448 intellego.

224 1476 296 1539 (lum
324 1479 439 1541 Albano
466 1499 540 1558 rege
571 1480 689 1541 Aeneas
723 1478 909 1555 congreditur
942 1477 1077 1557 (XXVll.
1108 1476 1240 1541 xxvttl.

138 1584 244 1646 XXIX.
268 1584 360 1647 XXX.
383 1585 505 1668 XXXl).
527 1588 603 1650 Alba
624 1587 709 1662 enim,
731 1586 780 1646 ubi
802 1603 867 1662 res,
893 1586 929 1646 de
958 1586 1062 1667 quibus
1090 1585 1162 1647 inira
1191 1604 1241 1646 ex·

139 1710 261 1773 ponam,
280 1692 351 1754 Iliae
373 1705 523 1772 geruntur,
546 1693 621 1774 apud
644 1693 765 1754 Ennium
785 1691 874 1754 multo
903 1701 969 1753 ante
989 1692 1109 1754 Aeneae
1137 1694 1242 1755 aduen-

141 1810 201 1862 tum
224 1807 367 1869 extructa;
395 1802 523 1880 utillum
553 1800 694 1864 credibile
722 1802 759 1861 sit
789 1800 943 1861 confestim
969 1801 1005 1862 ad
1037 1801 1113 1862 bunc
1141 1819 1242 1879 regem
1289 1861 1292 1870 ,

142 1909 320 1990 perrexisse.
359 1907 532 1969 Sciscitante
554 1909 642 1988 igitur
654 1907 749 1970 Albae
768 1925 841 1987 rege
862 1908 899 1970 de
923 1909 1096 1970 aduenarum
1119 1911 1242 1988 origine,

140 2016 246 2078 iodea
276 2014 348 2076 lone
369 2014 464 2092 gentis
487 2011 629 2094 principia
657 2015 791 2092 deducit,
820 2033 878 2076 non
907 2016 991 2078 aliter
1008 2025 1094 2095 atque
1123 2017 1165 2092 is,
1196 2017 1244 2095 qui

141 2123 234 2184 Ennio
257 2120 479 2199 obuersabatur,
498 2121 616 2183 Homeri
631 2121 749 2182 Aeneas
770 2122 803 2184 ll.
825 2121 944 2184 a215:
967 2125 1081 2202 quando
1098 2123 1142 2185 his
1156 2121 1244 2184 Gras-

145 2231 187 2291 cis
200 2228 293 2310 (239)
309 2219 491 2309 Ἀσσάρακος
504 2225 537 2290 dl
547 2219 666 2308 Κάπυι,
680 2220 697 2291 b
713 2221 737 2290 δ’
750 2221 789 2312 dp
796 2222 933 2311 Ἀγχίσην
947 2228 1010 2292 τέκε
1024 2229 1126 2308 παῖδα,
1141 2217 1247 2309 Auleolp

147 2325 189 2415 ἔμ’
203 2327 335 2416 Ἀγχίσης
356 2335 536 2414 respondent
557 2337 622 2397 iere
645 2337 679 2398 ad
698 2336 824 2398 uerbum
841 2337 969 2398 Enniana
1000 2341 1141 2398 Assaraco
1164 2346 1248 2407 coms

143 2441 226 2522 Cepis
254 2450 370 2520 optimus
397 2448 473 2520 abque
496 2449 575 2520 pium
602 2465 640 2506 ex
668 2465 698 2506 se
720 2450 859 2506 malisse
885 2455 1000 2522 peramat
1020 2442 1159 2524 (XXIX).
1199 2441 1245 2502 De

144 2571 180 2614 ea
206 2551 319 2630 origine
345 2549 383 2608 cl.
407 2547 593 2627 Philargyrus
616 2553 644 2612 in
670 2550 904 2631 Georg.11135
928 2560 958 2612 et
978 2551 1098 2614 Seruius
1120 2551 1148 2610 iu
1170 2549 1245 2610 Aen.
1317 2549 1321 2560 “

145 2659 185 2720 vt
202 2657 275 2734 778,
299 2656 387 2718 Silius
407 2655 525 2718 italicus
538 2657 580 2720 Xl
594 2657 655 2720 290
667 2677 733 2739 sqq.
772 2657 892 2720 Ennium
912 2668 1028 2719 secutus
1045 2655 1250 2733 estVergilius

145 2767 237 2846 (Aen.
260 2764 329 2826 vl11
347 2762 406 2823 127
414 2767 515 2846 sqq),
539 2769 587 2846 qui
606 2767 736 2828 densam
757 2768 828 2828 iacit
842 2765 977 2827 Euandro
1000 2765 1063 2842 regi
1085 2765 1122 2825 ds
1135 2764 1248 2841 origine

145 2873 264 2952 generis
297 2879 489 2932 enarrantem.
540 2871 568 2932 le
603 2893 666 2934 cum
692 2874 857 2952 Atlantem,
881 2863 1042 2934 ‘aetherios
1072 2889 1171 2932 umero
1202 2871 1251 2950 qul

146 2983 270 3042 sustinet
285 2978 388 3040 orbes’
409 2979 503 3060 (137)
523 2981 570 3042 uel
586 2971 677 3042 ‘caeli
693 2984 741 3062 qui
754 2981 849 3044 sidera
862 2981 952 3045 tollit'
967 2980 1074 3061 (141),
1094 2979 1251 3056 intergen-

145 3089 183 3148 tis
202 3096 339 3148 auctores
362 3087 497 3167 designet
518 3097 606 3171 atque
629 3086 686 3148 lroc
708 3099 864 3169 praeterea
885 3106 1020 3150 sermone
1039 3085 1169 3148 Enniano
1191 3094 1250 3145 uta·

148 3203 195 3254 tur
215 3198 415 3272 compedeque
433 3201 532 3272 fidam:
555 3215 612 3257 nou
636 3197 698 3255 sine
721 3196 808 3256 multa
829 3197 1035 3277 probabilitate
1047 3202 1077 3255 et
1088 3194 1124 3253 ir.
1143 3190 1252 3252 XXVll

148 3302 186 3365 de
206 3302 323 3364 Atlante
345 3300 518 3379 intellegas,
547 3319 633 3380 quem
651 3303 679 3364 in
705 3321 880 3382 proauorum
908 3317 1027 3362 numero
1048 3299 1165 3361 Aeneas
1193 3299 1252 3358 lau·

46 3423 48 3428 ’
149 3411 272 3488 dauerit,
292 3418 322 3470 et
343 3408 378 3468 ir.
395 3407 479 3469 XXX
500 3409 595 3471 eidem
610 3409 731 3471 densae
752 3412 904 3472 amicitiam
925 3411 1157 3486 societatemque
1189 3423 1252 3468 oum

150 3536 223 3596 rege
236 3515 351 3577 Albano
366 3517 496 3594 iungeuti
518 3516 667 3578 attribuas.
703 3517 761 3578 Sed
785 3536 822 3577 ne
838 3519 912 3579 baec
930 3517 1064 3597 quidem,
1087 3533 1162 3594 quae
1183 3532 1251 3591 reg·

151 3635 201 3686 nat
229 3626 258 3684 in
283 3623 328 3684 lris
350 3623 438 3685 rebus
460 3623 652 3699 incertitudo,
682 3623 871 3685 confidentius
890 3643 961 3684 uera
983 3641 1051 3684 esse
1072 3622 1253 3683 adfirmarim.

152 3732 217 3794 Nec
237 3733 311 3792 euim
331 3732 369 3791 ita
396 3731 593 3790 reiectaneum
618 3738 680 3806 est,
714 3729 791 3809 quod
810 3731 862 3792 illo
879 3747 966 3790 uersu
988 3728 1128 3809 (XXVII)
1149 3727 1254 3788 'louem

153 3839 309 3918 significari
337 3836 467 3897 editores
488 3844 664 3898 statuerunt:
692 3837 721 3896 in
743 3855 827 3916 quam
849 3855 914 3922 rem
933 3836 1043 3898 blerula
1072 3854 1129 3896 non
1156 3835 1255 3914 inepte

152 3948 211 4008 boc
238 3942 347 4024 Orphei
372 3945 401 4002 in
426 3942 538 4018 hymnis
567 3963 655 4004 uersu
676 3945 735 4006 aco
757 3935 863 4026 πάτερ,
893 3932 1077 4026 ὑψίδρομον,
1104 3935 1256 4023 rwpadysu

155 4047 265 4132 κόσμιόν
285 4044 418 4112 ἐλαύνων
437 4050 533 4111 utitur.
580 4051 678 4130 Atque
707 4051 743 4112 de
769 4050 841 4111 lone
865 4049 1009 4112 intellexit
1029 4050 1113 4111 Ennii
1141 4067 1256 4110 uersum

155 4159 284 4221 isidorus
310 4156 363 4236 (de
387 4165 445 4218 nat.
468 4175 526 4218 rer.
557 4177 582 4220 c.
609 4158 647 4218 12
671 4179 701 4240 p.
730 4157 790 4220 981
820 4156 945 4234 llige),
974 4173 1060 4234 quern
1086 4156 1132 4218 his
1157 4156 1257 4218 verbis

154 4273 202 4346 qai
230 4270 319 4326 ualuis
349 4269 442 4326 orbem
478 4273 561 4327 stellas
594 4271 752 4328 ardentibus
784 4269 965 4342 resulqentam
992 4264 1095 4326 imitari
1132 4263 1254 4324 uidetur.

155 4375 258 4454 Neque
287 4374 358 4465 illud
386 4374 481 4450 magni
516 4376 610 4452 facio,
648 4376 725 4454 quod
751 4372 916 4436 biacrobins
945 4371 1005 4434 Sat.
1032 4372 1173 4453 Vllaep:
1194 4367 1255 4458 498
