2984 5032
506 445 736 503 ΕΝΝῙΑΝΑΕ
1098 455 1169 502 XLV

85 611 128 670 ius
151 611 288 671 excussit.
340 610 399 670 Sed
426 611 450 668 is
479 609 556 688 quod
584 610 698 670 nimium
726 612 853 672 conlisus
875 608 1026 670 biucrobio
1055 613 1084 671 in
1115 612 1169 672 vti

84 719 157 778 unali
177 735 278 777 uersus
300 715 451 794 adposuit,
475 733 533 776 nou
560 716 658 777 laudo.
699 716 772 776 Nam
797 726 828 778 ut
853 724 942 795 potita
971 717 999 776 in
1027 735 1064 777 ec
1092 717 1167 777 libro

85 833 181 883 raetcr
212 824 349 884 Punicum
382 820 491 881 bellum
519 822 606 882 etiam
640 823 770 884 Gallicos
801 823 957 899 tumultus,
991 822 1028 882 de
1064 822 1167 902 quibus

84 926 198 1002 'olybius
220 938 317 988 narrat
336 927 363 988 11
382 927 422 989 23
444 944 530 1007 sqq„
559 930 705 1007 tetigerit,
732 939 827 990 tamen
850 945 935 1007 quum
957 929 985 987 in
1013 928 1064 988 iilo
1086 927 1167 988 belio

84 1031 136 1090 alli
158 1031 332 1092 obtinuerint
350 1051 448 1093 arcem
464 1051 521 1111 ego
536 1034 643 1095 nuliam
657 1035 785 1094 inuenio.
823 1033 886 1107 Qua
908 1052 940 1093 re
957 1033 1051 1093 lenem
1068 1051 1168 1093 ernen-

84 1138 203 1197 ationem
215 1141 326 1200 numeri
342 1138 466 1201 adhibeo
483 1146 512 1198 et
528 1157 545 1198 s
560 1138 615 1199 vlt
632 1141 659 1198 in
675 1138 729 1201 1111
746 1139 891 1224 translatis
906 1138 1040 1199 uersibus
1056 1139 1168 1200 Romae

84 1263 158 1303 roem
186 1244 315 1306 aGailis
337 1265 362 1310 a.
388 1265 414 1305 u.
442 1263 467 1304 c.
492 1244 553 1305 365
576 1254 748 1325 occupatam
769 1245 926 1323 significari
952 1254 1058 1306 statuo.
1103 1245 1168 1306 Nec

83 1350 155 1410 bstat
181 1350 350 1429 admodum,
375 1351 452 1428 quod
476 1349 584 1409 Ennius
609 1353 732 1412 seorsim
762 1352 881 1412 abiuio
904 1351 1085 1429 aliorumque
1106 1369 1166 1410 me-

83 1459 149 1516 toria
170 1459 276 1535 uigiles
298 1455 335 1518 ab
357 1456 581 1517 ascendentibus
598 1456 771 1536 Capitolium
794 1457 884 1518 Gabiis
904 1457 1049 1518 cruentari
1071 1455 1166 1516 tradit.

83 1563 172 1642 'empe
202 1564 259 1624 hoc
287 1565 353 1624 leue
373 1572 436 1638 est,
464 1570 551 1640 atque
574 1563 647 1623 alias
667 1565 822 1641 grauiores
844 1579 860 1622 a
880 1563 988 1622 ceteris
1007 1561 1091 1622 Ennii
1112 1561 1166 1621 dii·

83 1671 196 1730 trentias
224 1669 294 1730 aiibi
323 1669 479 1746 tetigimus
539 1667 674 1749 Denique
702 1671 864 1746 fragmenta
893 1669 1003 1729 incerta
1033 1668 1099 1728 dum
1129 1668 1166 1729 de

83 1793 115 1835 nc
135 1776 210 1835 libro
229 1778 365 1850 excutio,
389 1775 445 1834 duo
468 1773 636 1851 obtigerunt
659 1775 732 1854 (inc.
755 1775 818 1835 sed.
835 1773 904 1834 Xlil
921 1782 949 1834 et
965 1773 1066 1855 xlv),
1090 1793 1166 1853 quae
1213 1787 1218 1802 ¹

82 1883 92 1941 i
120 1882 193 1942 banc
220 1881 330 1944 Romae
356 1880 559 1941 obsessionem
588 1891 779 1949 reuocentur;
822 1898 942 1959 quorum
971 1881 1041 1943 iliud
1071 1881 1166 1942 editor

82 1988 214 2064 ipsiensis
241 1990 332 2050 sensit
349 1988 404 2049 bac
427 1987 584 2046 occasione
607 1996 674 2066 apte
697 1988 828 2066 potuisse
851 1987 963 2062 efferri,
988 1997 1091 2066 quarto
1114 1988 1165 2048 de-

84 2110 130 2151 mo
160 2102 255 2153 autern
282 2092 427 2172 llbergius
457 2092 549 2152 uoluit
576 2090 727 2152 Gamiiium
757 2103 869 2172 putrem
898 2093 1068 2170 designari;
1108 2111 1165 2153 non

85 2207 168 2276 epte:
202 2216 373 2279 quamquam
402 2197 543 2258 lubricum
572 2209 617 2258 est
639 2200 774 2261 iudicium
797 2201 834 2261 de
858 2217 962 2275 uersu,
996 2217 1082 2277 quern
1107 2216 1165 2276 ego

82 2303 172 2364 ultum
194 2297 329 2366 abest'ut
350 2306 406 2364 iam
427 2314 635 2382 perpurgatum
659 2306 791 2368 babeam.

139 2411 260 2490 Septem
279 2429 431 2486 uersuum,
456 2412 504 2488 qui
527 2429 602 2470 nunc
624 2414 783 2491 quintum
808 2412 974 2473 annalem
998 2410 1163 2486 conficiunt,

81 2522 190 2574 rattucr
213 2517 383 2578 adferuntur
410 2516 567 2593 equium,
600 2518 652 2577 sed
683 2520 710 2576 ei
741 2520 779 2579 ita
810 2519 985 2598 comparati,
1017 2525 1048 2574 ut
1074 2532 1164 2592 aegre

81 2639 90 2677 e
121 2622 186 2680 eius
213 2621 279 2682 libri
304 2631 475 2701 argumento
505 2623 702 2683 coniecturam
730 2625 883 2702 patiantur.
930 2623 967 2682 m
989 2622 1046 2682 hoc
1068 2625 1163 2681 rerum

81 2726 154 2784 dinc
183 2727 376 2805 aequabiliter
404 2727 612 2806 progrediente
641 2729 796 2806 suadetur,
828 2749 892 2790 eum
914 2727 1017 2789 librum
1039 2729 1163 2786 maxime

96 2833 307 2894 Samniticis
330 2835 448 2894 bellis
471 2843 618 2894 uersatum
634 2833 735 2894 fuisse.
766 2836 850 2896 Vnde
867 2836 976 2896 certior
991 2833 1080 2894 sedes
1097 2833 1164 2894 huic

81 2939 150 2997 ursui
174 2939 329 3018 contingit,
360 2941 396 3000 de
416 2938 605 3016 Samnitibus,
636 2949 666 2999 ut
685 2940 765 3002 Acro
792 2945 819 3002 in
840 2944 912 3003 Hor.
937 2941 994 3020 Ep.
1013 2939 1040 2998 ll
1063 2938 1098 3015 2,
1122 2939 1162 3000 97

81 3053 165 3122 unet,
196 3046 274 3106 clato
304 3051 402 3107 bellum
429 3053 525 3123 aequis
550 3052 678 3107 munibus
705 3066 765 3110 noce
784 3056 944 3126 intempesta
964 3051 1072 3106 diremit
1093 3043 1162 3123 (ll).

81 3169 134 3210 uae
161 3171 211 3212 res
240 3153 407 3213 inlustratur
436 3169 452 3211 a
475 3150 555 3211 Liuio
577 3151 647 3229 (vll
670 3153 744 3234 33),
778 3154 817 3214 ibi
835 3153 883 3212 ubi
906 3153 943 3213 de
966 3152 1059 3231 primo
1081 3147 1163 3209 bello

81 3259 208 3318 rmuitico
235 3260 303 3319 dicit
326 3265 418 3334 itaque
436 3262 572 3330 Romani,
598 3279 660 3319 eum
683 3270 710 3319 et
723 3267 814 3336 fluere
832 3267 888 3320 mm
910 3263 1069 3319 lassitudine
1088 3263 1165 3318 uires

81 3371 186 3424 odirent
207 3375 234 3424 et
259 3371 313 3424 diei
337 3368 415 3424 baud
441 3370 552 3424 multem
574 3383 661 3442 super
683 3385 756 3441 esse,
781 3372 894 3426 accensi
912 3372 957 3425 irc
979 3371 1116 3425 concitant
1134 3384 1165 3424 se

98 3475 212 3531 bostem.
233 3482 288 3531 tum
304 3477 427 3547 primum
448 3474 557 3546 referri
569 3476 671 3546 pedem
690 3484 772 3546 atque
792 3474 924 3528 inclinari
942 3489 1003 3530 rem
1023 3477 1051 3530 in
1064 3473 1164 3547 fucum

81 3584 201 3652 prorui,-
229 3589 284 3638 tum
309 3583 389 3653 copi,
418 3580 506 3634 cecidi
527 3579 652 3645 Samnis·
679 3599 730 3639 nec
755 3594 842 3651 super
868 3578 988 3650 fuissem
1007 3584 1098 3651 multi,
1126 3584 1165 3638 ai

81 3705 122 3742 rx
144 3690 338 3744 uictoriam
359 3688 469 3757 mopis
491 3703 591 3757 quum
608 3690 790 3759 proelium
810 3685 1028 3744 diremisset.
1052 3684 1111 3743 Sed
1126 3701 1163 3742 ne

81 3807 92 3847 c
109 3788 228 3867 quidem
244 3789 315 3848 satis
332 3787 514 3848 confidenter
529 3807 610 3849 suurn
629 3790 695 3850 huic
716 3793 813 3852 uersui
831 3788 928 3852 locum
942 3789 1081 3866 adsignc:
1104 3807 1162 3848 non

81 3897 141 3953 inus
164 3896 240 3954 enim
264 3897 291 3954 ei
314 3895 358 3954 rei
380 3897 515 3955 conuenit
537 3895 630 3956 altera
658 3897 788 3957 eiusdem
814 3894 885 3954 Liuii
914 3895 951 3957 de
973 3897 1060 3956 tertio
1082 3894 1162 3955 bebio

81 4002 217 4060 immitium
229 4001 355 4061 narratio
368 4000 412 4079 (X
426 4000 478 4081 12)
490 4023 496 4060 :
513 4013 665 4078 pupnctum
679 4008 785 4061 maiore
793 4014 879 4077 purte
889 4008 943 4062 diei
955 4024 1055 4078 mcpna
1066 4009 1162 4062 utrina

81 4127 100 4164 re
119 4112 221 4166 coede.-
249 4129 320 4167 nom
339 4105 507 4182 dissertis,¹
539 4132 606 4185 quo
630 4115 711 4168 dato
734 4115 894 4168 uictoria
920 4120 1029 4181 esset,
1052 4115 1160 4168 inter·

81 4231 111 4270 en
120 4220 156 4272 it.
226 4213 325 4274 Rebus
339 4217 502 4274 Samniticis
515 4217 602 4274 inseri
614 4217 698 4274 etiam
712 4215 832 4292 primum
846 4214 928 4272 buius
940 4213 1004 4273 iibri
1016 4214 1160 4290 fragmen-

81 4337 104 4376 m
117 4319 244 4378 uidetur.
270 4319 335 4392 Quo
348 4337 423 4397 ego,
439 4321 555 4381 fauente
570 4322 731 4380 sententiae
750 4320 830 4380 Liuio
845 4318 899 4379 vll
913 4321 961 4396 ii),
980 4319 1013 4379 T.
1027 4319 1162 4380 Manlium
