2984 5032
563 445 792 502 ENNlANAE
1161 455 1234 504 XXV

131 613 196 694 quis
225 631 290 674 enm
325 608 438 674 editore
470 610 613 690 lipsiensi
647 613 683 672 de
717 611 831 675 Didone
864 612 914 676 ael
949 612 1005 674 alis
1039 609 1141 674 adsto
1178 627 1234 692 qna

132 719 254 780 muliere
276 717 443 796 intellegat,
474 737 626 797 permensa
649 720 766 798 passius
788 729 834 779 est
865 719 1082 798 accipiendum,
1106 730 1137 781 ut
1159 719 1235 800 apud

132 826 277 888 Tibullum
305 825 344 887 lll
372 827 402 901 3,
426 826 445 886 9
473 835 501 885 et
523 826 605 887 alibi:
629 829 683 886 nisi
711 829 776 906 quis
795 827 853 886 leni
874 844 957 887 manu
985 827 1140 888 emendare
1164 845 1234 904 per·

131 935 242 994 mensu’
265 932 382 994 mauult.
452 933 497 994 De
511 934 631 996 Aeneae
651 934 817 1012 itineribus,
842 951 900 1014 quo
919 933 1006 994 modo
1025 934 1101 1012 apud
1114 933 1235 995 Ennium
1270 1003 1272 1006 ¹

133 1051 272 1103 exornata
296 1041 419 1117 fuerint,
451 1050 480 1102 et
506 1041 667 1120 fragmenta
694 1044 798 1103 desunt
827 1059 882 1102 neo
910 1059 927 1100 e
951 1039 1085 1118 Vergilio
1117 1042 1236 1101 certiori

133 1145 217 1206 loeus
239 1145 424 1210 oonleeturae
447 1159 508 1209 est:
531 1169 617 1230 quern
638 1168 769 1229 magnam
782 1158 893 1228 partem
905 1149 987 1228 primi
1005 1147 1070 1210 libri
1083 1147 1118 1208 ad
1132 1145 1236 1208 Naeuii
1283 1123 1289 1144 ¹

133 1253 284 1334 exemplar
314 1259 517 1336 composuisse
546 1257 711 1318 Macrobius
740 1265 863 1318 testatur
889 1256 964 1335 (Sat.
991 1253 1032 1315 v1
1061 1253 1079 1314 2
1110 1273 1139 1334 p.
1174 1253 1235 1314 514

130 1360 228 1440 lan.):
250 1368 279 1422 tu
297 1369 439 1442 praeapte
460 1369 595 1425 Aeneidos
622 1373 769 1440 tempestas
790 1366 967 1434 assentitur,
995 1369 1022 1421 et
1048 1363 1140 1420 Venus
1161 1365 1238 1438 apud

130 1469 226 1528 bouem
247 1476 371 1545 munitm
390 1476 424 1532 de
439 1477 576 1548 perieulis
594 1477 653 1548 filii,
673 1483 700 1532 et
713 1473 841 1549 Iuppiter
855 1490 917 1530 eam
931 1473 965 1529 de
980 1471 1140 1545 suturarum
1151 1487 1235 1544 pros·

127 1581 248 1652 perdate
274 1583 389 1640 solatur.
433 1583 489 1639 Hie
515 1585 592 1640 uuus
614 1589 684 1640 totus
703 1589 828 1656 sumptus
846 1597 865 1636 u
886 1580 991 1636 Naeuio
1018 1586 1059 1636 est
1084 1595 1122 1636 eru
1142 1581 1236 1652 primo

134 1687 275 1744 masuetus
286 1688 392 1746 Punici.
413 1685 518 1766 Neque
537 1695 643 1764 tamen,
656 1688 790 1766 quoniam
802 1701 859 1744 non
868 1683 972 1744 desunt
984 1683 1012 1743 in
1024 1701 1059 1742 ea
1071 1685 1236 1744 narratione
1344 1750 1347 1758 f

131 1789 254 1869 Vergilii
285 1793 424 1870 quaedam
448 1792 484 1854 ab
513 1793 606 1855 Ennio
640 1793 831 1873 deprompta,
860 1789 896 1851 ab
925 1788 981 1851 bao
1010 1797 1094 1868 parte
1121 1791 1235 1850 omnino

134 1915 203 1958 usus
222 1901 283 1960 eius
301 1907 408 1980 poetae
429 1901 541 1962 alienus
565 1908 618 1962 est.
655 1898 713 1960 Vel
740 1899 794 1960 bos
821 1915 924 1959 nereus
951 1901 1080 1976 Iuppiter
1109 1901 1154 1958 bie
1177 1903 1238 1958 rt'rit

131 2015 354 2086 tempestatesque
375 2027 492 2067 serenae
513 2011 649 2069 Riserunt
666 2025 759 2068 omues
776 2013 836 2067 risu
856 2009 933 2066 Iouis
954 2011 1141 2083 omnmuteatts
1162 2005 1234 2084 (ino.

131 2111 192 2174 sed.
216 2112 272 2194 Ill)
296 2115 363 2193 quid
384 2113 511 2193 inpedit,
535 2130 592 2192 quo
614 2114 707 2174 minus
725 2114 809 2175 simili
831 2131 907 2173 nexu
928 2112 997 2173 olim
1019 2111 1096 2190 apud
1115 2109 1236 2172 Ennium

130 2217 244 2279 babitus
268 2222 481 2297 existimemus,
501 2237 558 2298 quo
580 2219 668 2299 paulo
697 2221 852 2301 politiores
883 2228 986 2301 postea
1018 2217 1166 2296 Vergilius
1194 2218 1235 2278 in·

131 2318 228 2386 texult¹
245 2325 320 2386 Aen.
341 2327 355 2388 1
384 2327 445 2389 254
459 2347 503 2408 sq.
529 2335 576 2390 olli
594 2333 740 2390 subridens
759 2333 898 2390 bominum
920 2336 1098 2403 sororesque
1123 2330 1236 2386 &mum

137 2435 222 2505 Vultu,
245 2455 297 2510 quo
316 2442 421 2496 suetum
439 2447 663 2514 tempestatesque
685 2432 817 2497 serenat?
841 2433 911 2494 Cum
930 2443 1083 2513 praeterea
1106 2452 1122 2494 e
1143 2433 1235 2511 primo

51 2563 52 2568 ¹
131 2540 225 2600 annali
248 2540 337 2602 adlati
359 2541 469 2602 diserte
491 2562 596 2603 uersus
619 2541 713 2622 (XIX.
733 2541 803 2623 XX)
823 2542 1049 2603 descendentem
1060 2541 1097 2602 de
1110 2539 1235 2618 Olympo

130 2645 275 2708 Venerem
302 2649 458 2728 designare
488 2650 671 2727 uiderentur,
699 2650 764 2710 inde
791 2658 856 2710 nata
886 2649 1071 2724 oonieetura,
1104 2663 1160 2706 non
1186 2643 1235 2706 illa

130 2763 227 2831 uena,
257 2757 434 2818 sedtamen
462 2755 638 2836 probabilis,
661 2768 691 2818 et
715 2757 913 2838 tempestatis,
937 2773 992 2835 qua
1017 2756 1133 2816 Aeneas
1160 2753 1235 2832 apud

130 2859 292 2940 Vergilium
319 2863 466 2942 defertur,
496 2867 524 2924 in
547 2864 696 2926 annalibus
718 2879 835 2944 quoque
861 2866 1035 2925 mentionem
1058 2881 1114 2923 neo
1138 2862 1234 2922 Vene-

130 2969 171 3026 ris
203 2968 298 3029 nullas
329 2971 358 3030 in
386 2987 423 3032 eo
455 2973 558 3032 itinere
584 2980 683 3052 partes
716 2971 816 3032 inisse.
862 2973 900 3033 At
933 2971 1027 3052 potuit
1055 2972 1129 3032 liaeo
1151 2965 1235 3030 Ennii

130 3075 258 3136 narratio
287 3077 404 3138 multum
435 3079 553 3140 differre
583 3077 617 3140 ab
651 3097 706 3155 eo,
741 3096 827 3158 quem
854 3078 1003 3158 Vergilius
1031 3085 1148 3137 seeutns
1179 3084 1235 3151 est,
1299 3149 1306 3158 Ι

129 3179 257 3242 Naeuio:
278 3193 309 3244 ut
331 3203 365 3246 ea
385 3187 507 3266 suspitio
529 3194 653 3267 propter
666 3183 844 3246 blaorobium
862 3203 920 3246 non
940 3193 1088 3246 euertntur
1103 3183 1234 3244 omnino:

130 3287 210 3354 uelat
240 3291 276 3352 de
305 3291 436 3369 Didone,
464 3310 539 3372 qnae
563 3303 624 3354 tota
651 3293 799 3355 Naeuiana
827 3301 889 3368 est,
919 3291 1040 3352 Ennium
1063 3301 1132 3370 puto
1165 3288 1235 3351 nibil
1276 3358 1285 3376 ·

129 3394 300 3459 tradidisse:
326 3398 525 3478 ,fragmentum
551 3401 665 3480 quidem
688 3398 737 3459 uel
767 3400 976 3474 testimonium,
1007 3415 1064 3478 qrro
1088 3414 1152 3460 eam
1174 3415 1235 3458 rem

131 3505 267 3580 euinoas,
290 3521 348 3565 non
370 3515 461 3567 extat.
1247 3491 1251 3498 ’

215 3608 340 3672 Aduenit
361 3613 480 3676 Aeneas
500 3615 527 3675 in
550 3615 674 3676 ltaliam:
698 3615 885 3692 designantur
905 3614 967 3674 eius
989 3623 1086 3673 terrae
1109 3614 1181 3672 situs
1205 3621 1235 3671 et

131 3718 246 3779 incolae
278 3720 486 3801 pristinumque
514 3739 619 3784 nomen
648 3721 777 3783 adfertur
808 3719 901 3801 (XXl.
935 3719 1026 3780 XXll.
1060 3715 1165 3780 XXlll.
1195 3718 1233 3778 oi.

129 3823 273 3904 XXXll):
304 3845 379 3906 quae
402 3827 518 3906 quidem
541 3825 657 3889 dubium
684 3835 729 3887 est
753 3827 790 3888 ab
812 3829 916 3908 ipsone
937 3833 1025 3907 poeta
1045 3825 1177 3887 dieantur
1198 3841 1244 3885 an·

130 3930 166 3992 ab
196 3933 254 3994 alio
281 3935 381 3994 neseio
405 3953 463 4013 quo
486 3953 572 4015 quem
593 3935 761 4013 loquentem
779 3934 904 3995 induunt.
934 3933 965 3992 ln
987 3931 1118 3996 Aeneide
1138 3931 1152 3993 l
1172 3932 1233 3995 530

130 4037 259 4100 llioneus
277 4039 398 4101 Aeneae
414 4043 512 4102 sooius
525 4051 566 4103 est
585 4049 669 4116 loeus,
691 4041 791 4120 inquit,
815 4045 981 4118 Hesperiam
996 4045 1066 4101 Grai
1077 4045 1235 4116 coyoomtire

130 4150 237 4220 diuum,
273 4151 363 4208 Terre
384 4157 513 4226 antiqua,
531 4157 630 4225 potem
650 4143 737 4207 armas
757 4157 839 4224 utque
868 4152 951 4208 ubere
979 4150 1089 4224 aletae,
1123 4150 1237 4208 Oenotri

128 4257 237 4314 coluere
262 4259 332 4320 αἰνὴ·
356 4275 431 4314 auno
456 4259 536 4332 fame
563 4261 682 4316 minores
708 4257 820 4315 Italiam
842 4261 946 4314 dixisse
968 4259 1045 4316 duer's
1071 4260 1105 4316 de
1125 4263 1233 4318 nomine

126 4369 242 4435 uestem.
297 4358 343 4421 De
375 4360 535 4441 Hesperia,
564 4363 661 4442 prison
689 4360 790 4423 ltaliae
817 4359 1030 4442 adpellntione,
1065 4378 1150 4442 quam
1173 4361 1230 4422 En-
