2984 5048
574 435 815 504 nnnrovrnu
1190 393 1251 496 166

147 613 218 675 655
245 605 289 674 ’16
314 605 401 697 agit,
435 606 467 675 id
491 606 618 690 studet,
651 605 695 675 ibi
710 609 863 679 mentem
888 609 987 699 atque
1013 607 1158 678 inimum
1188 607 1252 678 de-

802 707 901 778 lectat
924 731 1030 780 suurn.

294 806 421 880 'Otiose
442 809 475 878 in
493 808 559 879 otio
580 809 708 880 animus
729 809 834 881 nescit
852 812 929 905 quid
946 814 1036 886 uelit.

237 912 305 1013 Hie
328 913 440 982 itidem
460 916 528 984 est:
557 913 643 982 eninr
670 912 777 1006 neque
799 914 886 984 dorni
911 938 999 987 nuno
1023 918 1085 988 nos
1106 941 1167 990 nec
1186 921 1252 990 mi-

151 1018 157 1024 ·
699 1089 705 1096 ,
802 1019 891 1090 litiae
911 1041 1042 1093 sumus:

242 1126 339 1198 'Imus
358 1127 439 1214 huc,
460 1125 537 1198 illuc
555 1126 646 1198 hinc:
670 1147 744 1198 curn
762 1126 839 1197 illuc
858 1121 993 1197 ue'ntum
1011 1128 1077 1210 est,
1099 1125 1147 1196 ire
1165 1125 1251 1194 illinc

241 1330 376 1402 'lncerte
398 1335 485 1403 errat
503 1331 649 1417 sinimus,
677 1227 960 1423 pmeterquqtpoer
978 1330 1080 1400 uitern
1098 1330 1231 1402 uiuitur.

662 1447 697 1515 V
709 1445 725 1483 ss

148 1559 215 1620 260
242 1549 391 1619 'Animus
410 1573 514 1643 aeger
528 1551 660 1642 se'mper
680 1552 767 1622 errat
784 1551 893 1643 ne'que
910 1549 977 1640 poti
999 1571 1106 1642 neque
1124 1550 1251 1640 perpeti

242 1652 334 1723 potis
355 1656 406 1722 est
446 1706 703 1724 ......
744 1655 866 1745 cripere
888 1675 1066 1746 numquam
1087 1652 1216 1723 de'sinit.

642 1771 691 1842 Vl
706 1767 747 1806 Η

588 1874 798 1967 Agamemno

242 1974 324 2060 Quis
340 1973 440 2046 horno
456 1979 488 2046 te
504 1977 700 2069 exupereuit
712 1999 852 2070 usquam
870 1976 1019 2068 gentium
1036 1974 1250 2068 inpudentia?

608 2097 778 2168 Menelaus

243 2195 326 2280 Quis
348 2197 414 2266 tete
434 2201 543 2268 autem
564 2199 711 2269 malitia?

663 2317 725 2387 Vll

590 2419 619 2488 A
670 2441 799 2489 mernno

240 2517 411 2587 Menelaus
437 2541 489 2588 me
518 2443 695 2614 οἰιίιιιέἒὶῖ
732 2523 764 2591 id
791 2519 872 2589 meis
899 2517 999 2586 rebus
1020 2517 1169 2609 regimen
1193 2517 1251 2586 re-

801 2623 900 2691 stitat.

139 2801 242 2836 seusus:
262 2787 413 2836 incerte...
428 2787 543 2837 uiuitur.’
614 2791 638 2839 V
658 2790 746 2840 Cicero
759 2792 835 2839 Tusc.
852 2789 920 2854 disp.
941 2789 976 2837 ΙΙΙ
992 2787 1018 2849 3,
1032 2787 1049 2838 5
1068 2788 1109 2836 ‘at
1130 2793 1154 2835 et
1168 2786 1250 2835 morbi

140 2857 335 2922 perniciosiores
355 2856 493 2921 pluresque
515 2866 573 2908 sunt
597 2860 675 2909 enirni
697 2876 773 2923 quarn
794 2859 917 2924 corporis.
956 2859 987 2906 Hi
1007 2857 1074 2907 eninr
1096 2857 1147 2921 ipsi
1168 2857 1251 2906 odiosi

140 2934 212 2984 sunt,
232 2924 301 2988 quod
315 2925 348 2973 ad
363 2927 476 2976 animum
490 2929 618 2993 pertinent
632 2945 740 2992 eumque
754 2929 907 2987 sollicitant,
932 2929 1126 2988 animusque
1140 2941 1249 2992 aeger,

140 3003 167 3044 ut
179 2996 215 3044 ait
227 2995 339 3054 Ennius,
360 2997 500 3061 sernper'
520 3014 543 3047 e.
558 3015 582 3060 q.
598 3015 620 3048 s.
654 2999 737 3050 choro
754 3000 817 3050 haec
830 2997 981 3063 responderi
994 2996 1023 3047 0.
1040 2995 1174 3045 Ribbeckii
1194 3011 1251 3045 sus-

141 3065 205 3130 pitio
226 3073 265 3114 est
334 3065 371 3113 Vl
390 3064 479 3116 Cicero
492 3067 568 3116 Tusc.
584 3069 652 3135 disp.
671 3069 705 3118 tv
721 3069 764 3129 36,
780 3071 813 3119 77
833 3069 928 3118 ‘..ire
938 3068 1031 3117 .cuius
1045 3065 1149 3131 inpulsu
1166 3067 1252 3115 existit

141 3135 214 3184 etiam
235 3135 300 3184 inter
315 3132 407 3185 fratres
424 3135 500 3186 tale'
494 3139 620 3202 iurgium·
641 3140 698 3202 quis
713 3139 804 3190 horno'
829 3153 927 3200 e...qs
963 3136 1051 3186 Nosti
1063 3149 1129 3198 quae
1141 3150 1252 3197 sequun

141 3211 192 3252 tur:
213 3203 351 3254 alternis
367 3205 450 3254 enirn
464 3208 619 3258 uersibus
634 3209 867 3272 intorquentur
883 3207 971 3256 inter
983 3205 1105 3256 iratres
1121 3205 1252 3270 grauis-

114 3274 117 3289 *
141 3275 237 3324 simae
258 3274 494 3336 contumeliae,
518 3266 546 3326 ut
566 3276 642 3328 iacile
664 3287 787 3346 appareat
805 3277 895 3326 Atrei
915 3276 1011 3325 filios
1030 3274 1104 3324 esse.¹
1139 3273 1194 3322 Huc
1212 3289 1252 3324 re-

142 3345 241 3393 uocauit
253 3343 397 3393 Duntzerus
411 3345 476 3394 Mus.
496 3345 578 3396 Rhen.
600 3347 740 3410 V444sq.
761 3355 785 3397 et
804 3345 929 3412 Bergkius
943 3345 998 3394 Iud
1015 3344 1073 3396 lect
1089 3341 1170 3392 Marb.
1187 3351 1251 3394 aest.

143 3412 208 3463 1844
228 3429 254 3478 p.
268 3412 316 3462 XII
339 3413 373 3462 cf.
388 3403 521 3464 Dobraeus
535 3417 603 3466 Adu.
628 3418 650 3467 [Ι
665 3415 716 3467 373
786 3417 835 3466 Vll
858 3414 1007 3464 Rufinianus
1026 3415 1058 3464 de
1075 3413 1119 3479 flg.
1142 3421 1207 3464 seut.
1228 3421 1253 3464 et

144 3481 205 3532 eloc
229 3481 290 3546 §ll
315 3497 342 3546 p.
356 3483 408 3534 205
421 3483 524 3534 Ruhnk
551 3487 741 3552 ι686666ιωί6,
761 3486 918 3552 indignatio,
938 3499 1003 3547 quae
1020 3483 1048 3533 fit
1063 3483 1176 3534 maxime
1193 3498 1254 3550 pro-

146 3593 339 3602 ..--—-

182 3661 233 3716 255
249 3656 322 3728 agit,
340 3654 369 3710 id
384 3654 415 3711 0.
428 3656 602 3714 Rtbbeclcius.
621 3657 710 3730 agitat
724 3657 802 3714 Voss.
820 3659 878 3729 agit
892 3660 979 3714 ceteri
991 3657 1055 3713 titre·
1137 3660 1190 3715 667
1206 3657 1252 3712 hie

145 3741 236 3796 itidem
260 3739 291 3796 0.
308 3739 481 3796 Ribbecka'ua.
501 3742 557 3798 hoc
579 3741 654 3798 idern
670 3743 747 3799 turi.
816 3743 890 3798 eninr
910 3759 1000 3814 neque
1020 3741 1050 3796 S.
1068 3742 1199 3796 German.
1217 3759 1253 3796 m.

144 3828 188 3882 ott.
215 3843 260 3880 em
281 3841 371 3896 neque
390 3826 461 3880 idem
480 3843 517 3882 m.
534 3845 585 3898 pr.
612 3827 691 3884 Voss.
711 3826 835 3899 Francq.
857 3825 989 3900 Mapliah.
1012 3841 1103 3897 neque
1124 3825 1211 3897 nupt.

182 3915 234 3970 656
261 3911 326 3966 illuc
345 3910 411 3966 hinc
432 3910 504 3968 libri.
532 3910 597 3967 hinc
630 3913 694 3968 illuc
722 3909 753 3966 0.
776 3912 951 3980 euectae,
973 3910 1126 3984 mpmuene
1143 3915 1211 3980 puto

182 4000 235 4054 660
255 3996 314 4068 poti
331 3993 362 4050 0.
380 3993 553 4052 Ribbeckius.
575 3998 632 4067 peti
652 3997 717 4053 libri
799 4001 849 4056 661
876 3997 950 4068 potis
972 4001 1016 4051 est
1032 3994 1064 4051 0.
1080 3994 1254 4052 Ribbeckiur.

146 4085 231 4152 potest
244 4079 309 4136 libri
398 4078 502 4136 Versus
515 4081 649 4152 disposuit
665 4081 696 4137 0.
710 4081 875 4138 Ribbeclcius
961 4086 1146 4150 cuiusquam
1162 4077 1253 4136 0666.

146 4167 219 4236 utiq„
237 4164 388 4220 Bentleiua.
413 4181 545 4236 uinquam
565 4168 650 4222 ceteri
663 4166 727 4223 tetri
809 4170 862 4224 666
883 4165 946 4236 quis
961 4170 1014 4219 tete
1036 4170 1130 4220 autem
1148 4166 1254 4220 malitia

150 4248 176 4306 0.
188 4247 363 4304 nettecreo.
381 4250 443 4320 quis
462 4255 554 4305 autern
573 4267 609 4304 ιιι.
628 4258 655 4306 te
667 4250 739 4308 turi.
755 4250 818 4320 quis
833 4255 860 4305 te
875 4255 966 4305 autern
982 4247 1255 4306 maiitiaBoulteriuc

224 4336 277 4392 664
298 4335 405 4390 restitut
419 4335 560 4400 Benttetitc
575 4334 663 4408 Epist.
679 4335 718 4390 ud
730 4332 847 4390 Militum
862 4352 897 4405 p.
911 4339 956 4394 43.
977 4339 1064 4390 restat
1079 4335 1253 4406 exemplaria
