2984 5032
244 453 290 500 XL
629 439 946 512 Qvausutoltus

245 607 403 669 Romanam
421 615 648 668 sustentaturum
670 605 822 684 gloriatur.
868 607 981 682 Sorori,
1006 625 1081 686 quae
1102 606 1253 670 Horatium
1280 609 1382 670 redu·
1470 634 1475 669 ι

247 737 310 778 cem
338 717 375 777 de
406 731 517 794 sponso
546 713 647 772 occiso
676 711 762 773 dictis
791 713 927 791 corripit,
967 714 1069 772 nescio
1096 731 1133 774 an
1158 713 1232 773 haec
1271 712 1382 772 uerba

246 828 336 899 replet
357 833 382 882 le
404 827 549 897 laetificum
571 841 628 896 pau
653 818 725 896 (ina.
750 817 812 877 sed.
836 817 906 898 Vll)
931 820 1113 879 conueniant.
1152 817 1304 895 Apertius
1328 835 1381 876 re·

240 928 441 1007 ,spondentem
463 926 611 986 Horatium
631 923 756 1002 produnt
778 923 813 982 ir.
836 922 886 984 Xl.
910 924 981 1001 Xll,
1005 941 1128 1002 quorum
1151 924 1245 1002 altero
1273 941 1381 1002 spon-

249 1053 312 1094 sum
334 1034 383 1112 qui
406 1050 463 1092 non
479 1030 624 1092 recusarit
638 1040 785 1091 certamen
800 1048 853 1090 suo
870 1030 990 1092 arbitrio
1005 1029 1166 1106 cecidisse,
1189 1031 1294 1091 altero
1315 1031 1381 1090 sibi

248 1140 405 1200 taliodicta
428 1141 457 1199 in
478 1147 536 1198 tam
559 1136 711 1215 splendida
732 1137 854 1196 uictoria
877 1135 1027 1197 tolerantia
1050 1153 1188 1197 nonesse
1201 1137 1273 1198 edit.
1316 1135 1381 1196 Ga-

250 1246 317 1323 pitis
338 1246 489 1307 damnatur
510 1244 647 1304 Horatius
667 1259 702 1301 ao
724 1241 822 1318 grauis
846 1242 921 1301 inter
943 1252 1055 1320 patrem
1077 1251 1108 1303 et
1129 1243 1240 1303 iudices
1269 1244 1388 1318 oritur¹

249 1352 286 1412 de
306 1351 452 1430 supplicio
469 1351 591 1411 uictoris
608 1348 772 1415 contentio;
796 1347 938 1426 siquidem
953 1365 1016 1410 eom
1034 1351 1249 1410 contentionem
1264 1350 1381 1428 arguit

249 1459 285 1518 ir.
314 1456 392 1518 Xlll.
446 1457 584 1538 Sequitur
611 1455 691 1515 iraus
715 1452 821 1514 Fuletii
850 1463 880 1514 et
916 1456 1043 1516 crudelia
1075 1457 1222 1517 interitus:
1260 1475 1303 1517 ac
1335 1457 1377 1516 fr.

249 1563 317 1624 XIV
346 1564 422 1625 'l'ulli
453 1563 544 1625 uerba
575 1560 709 1636 exhibet,
741 1560 789 1638 qui
816 1559 960 1622 Fufetium
986 1561 1109 1622 interimi
1144 1581 1229 1642 quam
1257 1581 1378 1623 omnes

249 1672 313 1730 eius
344 1670 491 1749 ‘legiones
520 1685 555 1728 ac
585 1666 754 1745 populares'
786 1667 882 1744 perire
903 1667 1020 1728 mauult.
1066 1666 1247 1746 Supplicium
1266 1667 1377 1744 ipsum

250 1777 379 1837 editores
401 1777 534 1836 uiderunt
556 1773 591 1833 ir.
616 1772 679 1833 XV.
698 1771 915 1848 nutrescunt,
936 1775 1055 1835 incertis
1068 1774 1194 1852 quidem,
1218 1773 1270 1832 sed
1284 1791 1374 1850 quae

249 1901 320 1943 uere
344 1883 420 1944 baud
444 1881 531 1943 dubie
557 1882 585 1940 in
613 1880 688 1939 bunc
714 1880 818 1940 librum
846 1881 914 1940 olim
943 1882 1073 1959 reposita
1104 1888 1178 1940 sunt.
1222 1877 1375 1938 Ceterum

162 2033 165 2040 ·
249 1990 314 2050 binc
338 1989 457 2050 colores
480 1987 621 2066 quondm
643 1987 762 2046 duxisse
780 1987 942 2064 Vergilium
964 1995 1035 2065 puto
1059 1988 1113 2064 (eo
1136 1985 1222 2060 loco,
1247 1985 1297 2044 ubi
1339 1994 1374 2046 et

249 2094 306 2155 alia
325 2093 455 2155 Enniana
476 2096 570 2154 latere
594 2110 681 2171 supra
709 2094 869 2153 monuimus
889 2093 924 2152 ad
946 2091 959 2151 l
981 2091 1016 2150 ir.
1037 2092 1074 2172 b)
1104 2091 1178 2152 Aen.
1204 2089 1270 2152 Vlll
1298 2090 1373 2152 642

250 2205 328 2262 baud
343 2208 447 2277 procul
465 2205 529 2261 iude
550 2207 621 2260 ulae
643 2203 758 2259 Mettum
780 2206 809 2259 iu
829 2205 940 2260 diuersa
962 2205 1115 2277 quaudnpae
1135 2202 1311 2258 Dismleram
1322 2229 1372 2240 -

249 2317 279 2366 at
298 2317 327 2367 lu
347 2313 435 2382 dictis,
457 2311 570 2378 Albaue,
590 2312 800 2379 maneresl-‚
819 2311 1061 2383 raptabatque
1081 2311 1159 2366 uiri
1180 2308 1371 2364 mendacis

249 2418 398 2474 uiscera
417 2417 623 2474 TullusPer
644 2417 784 2484 siluam,
807 2419 975 2488 eleparsi
989 2416 1168 2472 rorabant
1184 2415 1370 2487 sanquine

250 2538 394 2595 uepres.
438 2517 541 2578 Restat
564 2535 580 2576 e
603 2516 679 2577 Tulli
702 2536 794 2596 regno
815 2518 910 2578 Albae
934 2519 1092 2578 excidium:
1114 2518 1195 2577 cuius
1219 2520 1261 2577 rei
1281 2519 1366 2596 inag-

225 2615 325 2684 'mine
345 2624 416 2684 licet
440 2611 478 2682 e'x
508 2624 639 2684 eiusdem
657 2623 782 2703 Vergilii
811 2627 969 2686 imitatione
992 2623 1066 2684 Aen.
1097 2623 1121 2683 ll
1152 2623 1214 2684 486
1245 2623 1365 2703 (xvir)

252 2730 408 2807 expiscari.
431 2729 552 2789 Ennium
570 2729 656 2805 enim,
679 2748 765 2808 quem
787 2749 844 2790 non
862 2733 999 2805 nominat,
1024 2730 1169 2808 signilioat
1187 2731 1308 2789 Seruius
1334 2733 1365 2788 in

250 2834 324 2898 Aen.
348 2833 368 2893 l.
389 2834 408 2894 l.
433 2841 467 2896 de
488 2841 593 2896 suano
616 2842 723 2898 excidio
745 2845 897 2899 translatus
916 2847 957 2898 est
970 2843 1056 2897 locutu
1093 2834 1223 2896 Eundem
1240 2839 1366 2914 respicit

250 2941 377 3000 tortasse
390 2942 418 2998 in
432 2940 506 3000 Aen.
520 2941 547 3001 ll
561 2942 621 3002 313
628 2947 795 3019 plerumque
809 2950 880 3003 etaim
893 2947 932 3002 ad
941 2946 1034 3002 tubam
1045 2950 1209 3000 euertuntur
1221 2947 1363 3001 amieos:

249 3051 320 3104 sicat
331 3049 429 3104 Albam
444 3051 540 3107 Tullus
551 3051 684 3107 Hostilius
703 3054 782 3106 iussit
801 3054 896 3107 euerti.
929 3045 1108 3126 Quamquam
1125 3048 1207 3106 nimis
1220 3048 1363 3107 incertum

251 3157 315 3225 est,
337 3151 393 3210 inc.
413 3151 475 3211 sed.
495 3152 597 3230 iragm.
613 3151 681 3213 Vlll
697 3153 780 3212 lruiua
796 3150 883 3212 tubae
899 3158 1045 3214 terribdem
1059 3161 1176 3215 sonitum
1191 3153 1361 3230 significari.

334 3255 459 3316 Ancus
478 3257 641 3318 Marcius
664 3258 742 3336 quod
756 3276 831 3316 nnnc
851 3258 966 3317 nomine
982 3258 1088 3317 dicitur
1104 3260 1141 3319 ir.
1159 3258 1253 3319 XVlll
1267 3258 1361 3320 llber-

251 3361 291 3438 gii
314 3362 508 3423 emendationi
530 3364 663 3425 debetur.
697 3361 794 3439 Atque
817 3362 874 3421 lroc
890 3362 960 3422 licet
982 3341 1360 3440 probabilitate'coniectu·

252 3483 303 3525 rae
325 3468 440 3543 nitatur,
465 3467 539 3529 Anci
561 3488 609 3529 res
631 3470 659 3528 iu
677 3468 735 3528 hoo
757 3468 833 3527 libro
857 3465 994 3529 tractatas
1024 3471 1131 3547 luisse,
1156 3473 1191 3531 ir.
1221 3471 1275 3532 XX
1300 3491 1360 3550 quo

252 3572 367 3632 condite
389 3590 424 3632 ao
447 3576 552 3634 munito
572 3573 651 3634 Ostia
682 3572 751 3632 urbs
772 3585 962 3650 memoratur,
995 3578 1130 3638 ostendit.
1177 3576 1230 3638 Gui
1261 3598 1359 3639 narra-

252 3679 321 3739 tioni
344 3679 433 3740 addas
453 3680 543 3742 laceri
565 3699 669 3740 uersus
692 3680 861 3758 particulam
884 3686 1025 3744 icaerula
1042 3697 1130 3760 prata
1145 3683 1246 3765 (xlx)
1270 3693 1299 3745 et
1322 3704 1360 3744 ex

252 3787 370 3846 incertis
393 3797 420 3848 el
443 3792 548 3847 Tiberis
567 3793 670 3863 (lumea
691 3792 775 3846 uomit
794 3793 823 3845 iu
843 3807 921 3847 mare
941 3797 1045 3851 saluum
1069 3792 1141 3869 (ina.
1161 3791 1224 3850 sed.
1247 3790 1313 3872 IX).

335 3892 483 3952 Tertius
506 3893 651 3953 annalis
666 3893 750 3952 trium
760 3893 808 3970 qui
819 3898 959 3971 postremi
972 3907 1038 3956 sunt
1051 3916 1151 3975 regum
1165 3896 1359 3956 Romanorum

250 4017 300 4060 res
321 4007 422 4076 gestas
446 4007 477 4058 et
498 4001 580 4076 regui
602 3999 711 4058 ruinam
733 4001 962 4079 comprehendit.
1008 4004 1093 4078 Quod
1113 4005 1167 4064 etsi
1188 4005 1260 4082 ipsis
1279 4003 1357 4080 irag·

250 4106 352 4165 mentis
373 4123 430 4164 non
450 4106 576 4183 cogitur,
598 4105 690 4182 exigit
711 4114 806 4164 tamen
827 4109 953 4168 narratio
968 4109 1162 4187 aequabiliter
1180 4111 1207 4168 in
1225 4110 1357 4187 singulos

251 4208 343 4270 libros
364 4210 525 4271 distributa.
563 4210 636 4272 lllud
654 4211 780 4287 dubium,
800 4212 912 4274 liberae
927 4217 970 4274 rei
986 4215 1122 4293 publicae
1140 4227 1220 4276 ortus
1236 4217 1271 4277 ad
1287 4217 1355 4277 buu·

251 4317 315 4376 cine
332 4315 434 4378 librum
449 4335 485 4377 en
500 4318 536 4378 ad
550 4320 709 4396 proximum
726 4320 879 4396 pertineat.
902 4319 946 4380 De
959 4319 1115 4398 Tarquinio
1131 4322 1202 4382 licet
1217 4323 1357 4400 quaedam
1483 4332 1484 4408 }
