<?xml version="1.0" encoding="UTF-8"?>
<!DOCTYPE html PUBLIC "-//W3C//DTD XHTML 1.0 Transitional//EN"
    "http://www.w3.org/TR/xhtml1/DTD/xhtml1-transitional.dtd">
<html xmlns="http://www.w3.org/1999/xhtml" xml:lang="en" lang="en">
 <head>
  <title>
</title>
<meta http-equiv="Content-Type" content="text/html;charset=utf-8" />
  <meta name='ocr-system' content='tesseract 3.04.00' />
  <meta name='ocr-capabilities' content='ocr_page ocr_carea ocr_par ocr_line ocrx_word'/>
</head>
<body>
  <div class='ocr_page' id='page_1' title='image "./ennianaepoesisr01ennigoog_0153.png"; bbox 0 0 3112 5040; ppageno 0'>
   <div class='ocr_carea' id='block_1_1' title="bbox 574 415 858 492">
    <p class='ocr_par' dir='ltr' id='par_1_1' title="bbox 574 415 858 492">
     <span class='ocr_line' id='line_1_1' title="bbox 574 415 858 492; baseline -0.004 -9"><span class='ocrx_word' id='word_1_1' title='bbox 574 415 576 420; x_wconf 39' lang='lat'><strong><em>¹</em></strong></span> <span class='ocrx_word' id='word_1_2' title='bbox 615 421 858 492; x_wconf 77' lang='lat' dir='ltr'>RELIQVIAE</span> 
     </span>
    </p>
   </div>
   <div class='ocr_carea' id='block_1_2' title="bbox 713 589 818 660">
    <p class='ocr_par' dir='ltr' id='par_1_2' title="bbox 713 589 818 660">
     <span class='ocr_line' id='line_1_2' title="bbox 713 589 818 660; baseline -0.095 0"><span class='ocrx_word' id='word_1_3' title='bbox 713 589 762 660; x_wconf 89' lang='lat' dir='ltr'>lV</span> <span class='ocrx_word' id='word_1_4' title='bbox 815 645 818 650; x_wconf 79' lang='grc'>,</span> 
     </span>
    </p>
   </div>
   <div class='ocr_carea' id='block_1_3' title="bbox 283 707 1145 901">
    <p class='ocr_par' dir='ltr' id='par_1_3' title="bbox 283 707 1145 901">
     <span class='ocr_line' id='line_1_3' title="bbox 283 707 1011 800; baseline 0.001 -25"><span class='ocrx_word' id='word_1_5' title='bbox 283 707 461 800; x_wconf 81' lang='lat' dir='ltr'>lnsiguoitu</span> <span class='ocrx_word' id='word_1_6' title='bbox 483 709 552 777; x_wconf 89' lang='lat' dir='ltr'>lere</span> <span class='ocrx_word' id='word_1_7' title='bbox 574 709 644 776; x_wconf 87' lang='lat' dir='ltr'>turn</span> <span class='ocrx_word' id='word_1_8' title='bbox 666 707 755 776; x_wconf 90' lang='lat' dir='ltr'>milia</span> <span class='ocrx_word' id='word_1_9' title='bbox 776 707 911 777; x_wconf 89' lang='lat' dir='ltr'>militum</span> <span class='ocrx_word' id='word_1_10' title='bbox 936 711 1011 776; x_wconf 86' lang='lat' dir='ltr'>octo</span> 
     </span>
     <span class='ocr_line' id='line_1_4' title="bbox 284 807 1145 901; baseline -0.001 -23"><span class='ocrx_word' id='word_1_11' title='bbox 284 809 383 879; x_wconf 85' lang='lat' dir='ltr'>Duxit</span> <span class='ocrx_word' id='word_1_12' title='bbox 405 811 542 880; x_wconf 88' lang='lat' dir='ltr'>dilectos</span> <span class='ocrx_word' id='word_1_13' title='bbox 565 807 684 878; x_wconf 89' lang='lat' dir='ltr'>bellum</span> <span class='ocrx_word' id='word_1_14' title='bbox 703 810 846 880; x_wconf 85' lang='lat' dir='ltr'>tolerare</span> <span class='ocrx_word' id='word_1_15' title='bbox 867 813 1020 901; x_wconf 88' lang='lat' dir='ltr'>potentes</span> <span class='ocrx_word' id='word_1_16' title='bbox 1141 879 1145 894; x_wconf 66' lang='grc'>,</span> 
     </span>
    </p>
   </div>
   <div class='ocr_carea' id='block_1_4' title="bbox 280 924 1094 1124">
    <p class='ocr_par' dir='ltr' id='par_1_4' title="bbox 280 924 1094 1124">
     <span class='ocr_line' id='line_1_5' title="bbox 741 924 810 968; baseline 0 0"><span class='ocrx_word' id='word_1_17' title='bbox 741 924 781 962; x_wconf 69' lang='lat' dir='ltr'>*a</span> <span class='ocrx_word' id='word_1_18' title='bbox 800 953 810 968; x_wconf 81' lang='lat'>.</span> 
     </span>
     <span class='ocr_line' id='line_1_6' title="bbox 280 925 1094 1124; baseline 0.004 -29"><span class='ocrx_word' id='word_1_19' title='bbox 280 1025 453 1100; x_wconf 73' lang='lat' dir='ltr'>Sollicitari</span> <span class='ocrx_word' id='word_1_20' title='bbox 483 1037 516 1098; x_wconf 89' lang='lat' dir='ltr'>te</span> <span class='ocrx_word' id='word_1_21' title='bbox 540 1027 611 1098; x_wconf 85' lang='lat' dir='ltr'>Tite</span> <span class='ocrx_word' id='word_1_22' title='bbox 638 925 894 1124; x_wconf 55' lang='lat' dir='ltr'>sicboctesque</span> <span class='ocrx_word' id='word_1_23' title='bbox 918 1029 1057 1122; x_wconf 84' lang='lat' dir='ltr'>diesque</span> <span class='ocrx_word' id='word_1_24' title='bbox 1089 1049 1094 1056; x_wconf 91' lang='lat'>·</span> 
     </span>
    </p>
   </div>
   <div class='ocr_carea' id='block_1_5' title="bbox 603 1163 861 1256">
    <p class='ocr_par' dir='ltr' id='par_1_5' title="bbox 603 1163 861 1256">
     <span class='ocr_line' id='line_1_7' title="bbox 603 1163 861 1200; baseline 0 0"><span class='ocrx_word' id='word_1_25' title='bbox 603 1163 619 1200; x_wconf 69' lang='lat' dir='ltr'>l‘</span> <span class='ocrx_word' id='word_1_26' title='bbox 845 1164 861 1200; x_wconf 69' lang='lat' dir='ltr'>’l</span> 
     </span>
     <span class='ocr_line' id='line_1_8' title="bbox 724 1219 740 1256; baseline 0 0"><span class='ocrx_word' id='word_1_27' title='bbox 724 1219 740 1256; x_wconf 64' lang='lat' dir='ltr'>a</span> 
     </span>
    </p>
   </div>
   <div class='ocr_carea' id='block_1_6' title="bbox 189 1294 1234 1727">
    <p class='ocr_par' dir='ltr' id='par_1_6' title="bbox 189 1294 1234 1727">
     <span class='ocr_line' id='line_1_9' title="bbox 280 1294 1093 1391; baseline 0.005 -27"><span class='ocrx_word' id='word_1_28' title='bbox 280 1294 309 1364; x_wconf 90' lang='grc' dir='ltr'><strong>Ο</strong></span> <span class='ocrx_word' id='word_1_29' title='bbox 332 1297 404 1365; x_wconf 83' lang='lat' dir='ltr'>Tite</span> <span class='ocrx_word' id='word_1_30' title='bbox 424 1298 452 1366; x_wconf 92' lang='lat' dir='ltr'>si</span> <span class='ocrx_word' id='word_1_31' title='bbox 474 1297 552 1391; x_wconf 93' lang='lat' dir='ltr'>quid</span> <span class='ocrx_word' id='word_1_32' title='bbox 570 1303 603 1366; x_wconf 88' lang='lat' dir='ltr'>te</span> <span class='ocrx_word' id='word_1_33' title='bbox 621 1297 757 1368; x_wconf 88' lang='lat' dir='ltr'>adiuero</span> <span class='ocrx_word' id='word_1_34' title='bbox 780 1321 936 1369; x_wconf 85' lang='lat' dir='ltr'>curamue</span> <span class='ocrx_word' id='word_1_35' title='bbox 959 1300 1093 1368; x_wconf 83' lang='lat' dir='ltr'>leuasso</span> 
     </span>
     <span class='ocr_line' id='line_1_10' title="bbox 189 1398 1234 1494; baseline 0.006 -30"><span class='ocrx_word' id='word_1_36' title='bbox 189 1405 250 1466; x_wconf 82' lang='lat'>340</span> <span class='ocrx_word' id='word_1_37' title='bbox 279 1398 372 1482; x_wconf 83' lang='lat' dir='ltr'>Quae</span> <span class='ocrx_word' id='word_1_38' title='bbox 394 1423 481 1469; x_wconf 90' lang='lat' dir='ltr'>nunc</span> <span class='ocrx_word' id='word_1_39' title='bbox 502 1405 535 1470; x_wconf 90' lang='lat' dir='ltr'>te</span> <span class='ocrx_word' id='word_1_40' title='bbox 553 1400 665 1494; x_wconf 82' lang='lat' dir='ltr'>coquit</span> <span class='ocrx_word' id='word_1_41' title='bbox 686 1409 719 1470; x_wconf 89' lang='lat' dir='ltr'>et</span> <span class='ocrx_word' id='word_1_42' title='bbox 740 1406 855 1472; x_wconf 86' lang='lat' dir='ltr'>uersat</span> <span class='ocrx_word' id='word_1_43' title='bbox 872 1403 904 1471; x_wconf 95' lang='lat' dir='ltr'>in</span> <span class='ocrx_word' id='word_1_44' title='bbox 927 1405 1061 1492; x_wconf 84' lang='lat' dir='ltr'><strong>pectore</strong></span> <span class='ocrx_word' id='word_1_45' title='bbox 1084 1403 1162 1486; x_wconf 83' lang='lat' dir='ltr'>lixa,</span> <span class='ocrx_word' id='word_1_46' title='bbox 1224 1473 1234 1494; x_wconf 63' lang='grc'><em>,</em></span> 
     </span>
     <span class='ocr_line' id='line_1_11' title="bbox 278 1502 652 1595; baseline 0 -25"><span class='ocrx_word' id='word_1_47' title='bbox 278 1502 404 1595; x_wconf 80' lang='lat' dir='ltr'>Ecquid</span> <span class='ocrx_word' id='word_1_48' title='bbox 428 1504 488 1573; x_wconf 88' lang='lat' dir='ltr'>erit</span> <span class='ocrx_word' id='word_1_49' title='bbox 505 1503 652 1595; x_wconf 82' lang='lat' dir='ltr'>praemi?</span> 
     </span>
     <span class='ocr_line' id='line_1_12' title="bbox 600 1636 876 1674; baseline 0.014 -4"><span class='ocrx_word' id='word_1_50' title='bbox 600 1636 617 1670; x_wconf 65' lang='lat' dir='ltr'>tlt</span> <span class='ocrx_word' id='word_1_51' title='bbox 843 1636 860 1674; x_wconf 73' lang='lat' dir='ltr'>¹l‘</span> <span class='ocrx_word' id='word_1_52' title='bbox 875 1661 876 1665; x_wconf 58' lang='lat'><em>=</em></span> 
     </span>
     <span class='ocr_line' id='line_1_13' title="bbox 722 1693 738 1727; baseline 0 -5"><span class='ocrx_word' id='word_1_53' title='bbox 722 1693 738 1727; x_wconf 54' lang='grc' dir='ltr'><em>ὴ</em></span> 
     </span>
    </p>
   </div>
   <div class='ocr_carea' id='block_1_7' title="bbox 279 1769 1092 1866">
    <p class='ocr_par' dir='ltr' id='par_1_7' title="bbox 279 1769 1092 1866">
     <span class='ocr_line' id='line_1_14' title="bbox 279 1769 1092 1866; baseline 0.007 -29"><span class='ocrx_word' id='word_1_54' title='bbox 279 1769 336 1839; x_wconf 90' lang='lat' dir='ltr'>llle</span> <span class='ocrx_word' id='word_1_55' title='bbox 354 1772 406 1842; x_wconf 92' lang='lat' dir='ltr'>uir</span> <span class='ocrx_word' id='word_1_56' title='bbox 424 1771 504 1841; x_wconf 88' lang='lat' dir='ltr'>haut</span> <span class='ocrx_word' id='word_1_57' title='bbox 520 1794 643 1866; x_wconf 85' lang='lat' dir='ltr'>magna</span> <span class='ocrx_word' id='word_1_58' title='bbox 661 1794 734 1841; x_wconf 89' lang='lat' dir='ltr'>curn</span> <span class='ocrx_word' id='word_1_59' title='bbox 754 1795 789 1841; x_wconf 94' lang='lat' dir='ltr'>re</span> <span class='ocrx_word' id='word_1_60' title='bbox 808 1777 860 1843; x_wconf 86' lang='lat' dir='ltr'>set</span> <span class='ocrx_word' id='word_1_61' title='bbox 876 1775 994 1865; x_wconf 89' lang='lat' dir='ltr'>plenus</span> <span class='ocrx_word' id='word_1_62' title='bbox 1015 1775 1092 1843; x_wconf 88' lang='lat' dir='ltr'>lidei</span> 
     </span>
    </p>
   </div>
   <div class='ocr_carea' id='block_1_8' title="bbox 278 1891 1072 2084">
    <p class='ocr_par' dir='ltr' id='par_1_8' title="bbox 278 1891 1072 2084">
     <span class='ocr_line' id='line_1_15' title="bbox 278 1891 1072 2084; baseline 0.003 -25"><span class='ocrx_word' id='word_1_63' title='bbox 278 1990 362 2060; x_wconf 88' lang='lat' dir='ltr'>Hinc</span> <span class='ocrx_word' id='word_1_64' title='bbox 380 2013 449 2060; x_wconf 84' lang='lat' dir='ltr'>nox</span> <span class='ocrx_word' id='word_1_65' title='bbox 466 1993 630 2084; x_wconf 80' lang='lat' dir='ltr'>processit</span> <span class='ocrx_word' id='word_1_66' title='bbox 648 1891 752 2062; x_wconf 48' lang='lat' dir='ltr'>stabis</span> <span class='ocrx_word' id='word_1_67' title='bbox 773 1993 964 2064; x_wconf 77' lang='lat' dir='ltr'>ardentibus</span> <span class='ocrx_word' id='word_1_68' title='bbox 986 1995 1072 2082; x_wconf 87' lang='lat' dir='ltr'>apta.</span> 
     </span>
    </p>
   </div>
   <div class='ocr_carea' id='block_1_9' title="bbox 276 2110 998 2301">
    <p class='ocr_par' dir='ltr' id='par_1_9' title="bbox 276 2110 998 2301">
     <span class='ocr_line' id='line_1_16' title="bbox 276 2110 998 2301; baseline 0.001 -26"><span class='ocrx_word' id='word_1_69' title='bbox 276 2207 369 2276; x_wconf 89' lang='lat' dir='ltr'>Sicut</span> <span class='ocrx_word' id='word_1_70' title='bbox 387 2209 415 2276; x_wconf 93' lang='lat' dir='ltr'>si</span> <span class='ocrx_word' id='word_1_71' title='bbox 439 2209 572 2301; x_wconf 85' lang='lat' dir='ltr'>quando</span> <span class='ocrx_word' id='word_1_72' title='bbox 589 2110 874 2282; x_wconf 69' lang='lat' dir='ltr'>uinclisvbbnatica</span> <span class='ocrx_word' id='word_1_73' title='bbox 896 2208 998 2277; x_wconf 85' lang='lat' dir='ltr'>uelox</span> 
     </span>
    </p>
   </div>
   <div class='ocr_carea' id='block_1_10' title="bbox 138 2406 1344 3029">
    <p class='ocr_par' dir='ltr' id='par_1_10' title="bbox 138 2406 1344 3029">
     <span class='ocr_line' id='line_1_17' title="bbox 207 2406 1285 2478; baseline 0.004 -24"><span class='ocrx_word' id='word_1_74' title='bbox 207 2406 242 2454; x_wconf 95' lang='lat' dir='ltr'>lV</span> <span class='ocrx_word' id='word_1_75' title='bbox 256 2407 422 2457; x_wconf 86' lang='lat' dir='ltr'>Priscianusl</span> <span class='ocrx_word' id='word_1_76' title='bbox 435 2424 461 2474; x_wconf 86' lang='lat' dir='ltr'>p.</span> <span class='ocrx_word' id='word_1_77' title='bbox 470 2411 554 2461; x_wconf 74' lang='grc'>5501).</span> <span class='ocrx_word' id='word_1_78' title='bbox 569 2412 594 2478; x_wconf 93' lang='lat' dir='ltr'>(l</span> <span class='ocrx_word' id='word_1_79' title='bbox 607 2410 728 2477; x_wconf 69' lang='lat' dir='ltr'>pata.)</span> <span class='ocrx_word' id='word_1_80' title='bbox 743 2411 842 2460; x_wconf 85' lang='lat' dir='ltr'>‘finalis</span> <span class='ocrx_word' id='word_1_81' title='bbox 853 2410 973 2458; x_wconf 86' lang='lat' dir='ltr'>dictionis</span> <span class='ocrx_word' id='word_1_82' title='bbox 986 2407 1143 2457; x_wconf 76' lang='lat' dir='ltr'>subtrahitur</span> <span class='ocrx_word' id='word_1_83' title='bbox 1155 2423 1181 2457; x_wconf 91' lang='lat' dir='ltr'>m</span> <span class='ocrx_word' id='word_1_84' title='bbox 1194 2409 1220 2456; x_wconf 90' lang='lat' dir='ltr'>in</span> <span class='ocrx_word' id='word_1_85' title='bbox 1232 2423 1285 2458; x_wconf 88' lang='lat' dir='ltr'>me-</span> 
     </span>
     <span class='ocr_line' id='line_1_18' title="bbox 172 2475 1284 2545; baseline 0.003 -23"><span class='ocrx_word' id='word_1_86' title='bbox 172 2481 211 2523; x_wconf 91' lang='lat' dir='ltr'>tro</span> <span class='ocrx_word' id='word_1_87' title='bbox 225 2475 390 2544; x_wconf 85' lang='lat' dir='ltr'>plerumque,</span> <span class='ocrx_word' id='word_1_88' title='bbox 414 2479 437 2528; x_wconf 91' lang='lat' dir='ltr'>si</span> <span class='ocrx_word' id='word_1_89' title='bbox 450 2494 465 2527; x_wconf 90' lang='lat' dir='ltr'>a</span> <span class='ocrx_word' id='word_1_90' title='bbox 478 2480 561 2528; x_wconf 88' lang='lat' dir='ltr'>uocali</span> <span class='ocrx_word' id='word_1_91' title='bbox 579 2482 670 2545; x_wconf 85' lang='lat' dir='ltr'>incipit</span> <span class='ocrx_word' id='word_1_92' title='bbox 684 2495 794 2543; x_wconf 87' lang='lat' dir='ltr'>sequens</span> <span class='ocrx_word' id='word_1_93' title='bbox 809 2479 886 2528; x_wconf 89' lang='lat' dir='ltr'>dictio</span> <span class='ocrx_word' id='word_1_94' title='bbox 954 2478 1121 2526; x_wconf 87' lang='lat' dir='ltr'>uetustissimi</span> <span class='ocrx_word' id='word_1_95' title='bbox 1137 2485 1284 2526; x_wconf 84' lang='lat' dir='ltr'>tamennon</span> 
     </span>
     <span class='ocr_line' id='line_1_19' title="bbox 172 2545 1283 2609; baseline 0.002 -17"><span class='ocrx_word' id='word_1_96' title='bbox 172 2559 274 2609; x_wconf 87' lang='lat' dir='ltr'>semper</span> <span class='ocrx_word' id='word_1_97' title='bbox 294 2561 349 2594; x_wconf 90' lang='lat' dir='ltr'>eam</span> <span class='ocrx_word' id='word_1_98' title='bbox 367 2547 558 2597; x_wconf 80' lang='lat' dir='ltr'>subtrahebant.</span> <span class='ocrx_word' id='word_1_99' title='bbox 591 2551 689 2598; x_wconf 83' lang='lat' dir='ltr'>Ennius</span> <span class='ocrx_word' id='word_1_100' title='bbox 710 2551 736 2597; x_wconf 94' lang='lat' dir='ltr'>in</span> <span class='ocrx_word' id='word_1_101' title='bbox 755 2549 780 2597; x_wconf 90' lang='lat' dir='ltr'>X</span> <span class='ocrx_word' id='word_1_102' title='bbox 797 2548 927 2596; x_wconf 89' lang='lat' dir='ltr'>annalium</span> <span class='ocrx_word' id='word_1_103' title='bbox 953 2547 1005 2594; x_wconf 80' lang='lat'>...⁸</span> <span class='ocrx_word' id='word_1_104' title='bbox 1077 2547 1100 2594; x_wconf 90' lang='lat' dir='ltr'><strong>V</strong></span> <span class='ocrx_word' id='word_1_105' title='bbox 1120 2545 1208 2596; x_wconf 81' lang='lat' dir='ltr'>Cicero</span> <span class='ocrx_word' id='word_1_106' title='bbox 1228 2545 1283 2595; x_wconf 80' lang='lat' dir='ltr'>Cat.</span> 
     </span>
     <span class='ocr_line' id='line_1_20' title="bbox 172 2614 1284 2682; baseline 0.004 -21"><span class='ocrx_word' id='word_1_107' title='bbox 172 2614 233 2662; x_wconf 86' lang='lat' dir='ltr'>mai.</span> <span class='ocrx_word' id='word_1_108' title='bbox 250 2615 274 2671; x_wconf 92' lang='lat' dir='ltr'>l,</span> <span class='ocrx_word' id='word_1_109' title='bbox 292 2615 304 2664; x_wconf 96' lang='lat' dir='ltr'>l</span> <span class='ocrx_word' id='word_1_110' title='bbox 324 2619 353 2663; x_wconf 92' lang='lat' dir='ltr'>‘o</span> <span class='ocrx_word' id='word_1_111' title='bbox 367 2617 440 2666; x_wconf 85' lang='lat' dir='ltr'>Tite</span> <span class='ocrx_word' id='word_1_112' title='bbox 533 2619 674 2682; x_wconf 83' lang='lat' dir='ltr'>praemi?</span> <span class='ocrx_word' id='word_1_113' title='bbox 697 2618 768 2667; x_wconf 82' lang='lat' dir='ltr'>Licet</span> <span class='ocrx_word' id='word_1_114' title='bbox 787 2619 855 2666; x_wconf 85' lang='lat' dir='ltr'>enim</span> <span class='ocrx_word' id='word_1_115' title='bbox 875 2615 938 2665; x_wconf 90' lang='lat' dir='ltr'>mihi</span> <span class='ocrx_word' id='word_1_116' title='bbox 956 2616 1075 2664; x_wconf 86' lang='lat' dir='ltr'>uersibus</span> <span class='ocrx_word' id='word_1_117' title='bbox 1093 2615 1191 2664; x_wconf 84' lang='lat' dir='ltr'>eisdem</span> <span class='ocrx_word' id='word_1_118' title='bbox 1210 2615 1284 2665; x_wconf 81' lang='lat' dir='ltr'>affari</span> 
     </span>
     <span class='ocr_line' id='line_1_21' title="bbox 172 2684 1284 2748; baseline 0.004 -18"><span class='ocrx_word' id='word_1_119' title='bbox 172 2689 212 2740; x_wconf 86' lang='lat' dir='ltr'>te,</span> <span class='ocrx_word' id='word_1_120' title='bbox 232 2684 328 2744; x_wconf 84' lang='lat' dir='ltr'>Attice,</span> <span class='ocrx_word' id='word_1_121' title='bbox 353 2686 446 2746; x_wconf 87' lang='lat' dir='ltr'>quibus</span> <span class='ocrx_word' id='word_1_122' title='bbox 464 2685 557 2736; x_wconf 82' lang='lat' dir='ltr'>affatur</span> <span class='ocrx_word' id='word_1_123' title='bbox 570 2686 740 2736; x_wconf 75' lang='lat' dir='ltr'>Flamininum</span> <span class='ocrx_word' id='word_1_124' title='bbox 759 2686 818 2735; x_wconf 91' lang='lat' dir='ltr'>ille</span> <span class='ocrx_word' id='word_1_125' title='bbox 835 2687 898 2734; x_wconf 91' lang='lat' dir='ltr'>uir&#39;</span> <span class='ocrx_word' id='word_1_126' title='bbox 911 2701 934 2734; x_wconf 89' lang='lat' dir='ltr'>e.</span> <span class='ocrx_word' id='word_1_127' title='bbox 949 2702 974 2748; x_wconf 90' lang='lat' dir='ltr'>q.</span> <span class='ocrx_word' id='word_1_128' title='bbox 988 2701 1010 2734; x_wconf 87' lang='lat' dir='ltr'>s.</span> <span class='ocrx_word' id='word_1_129' title='bbox 1030 2687 1197 2747; x_wconf 86' lang='lat' dir='ltr'>‘quamquam</span> <span class='ocrx_word' id='word_1_130' title='bbox 1215 2693 1284 2734; x_wconf 87' lang='lat' dir='ltr'>certo</span> 
     </span>
     <span class='ocr_line' id='line_1_22' title="bbox 172 2752 1282 2817; baseline 0.005 -19"><span class='ocrx_word' id='word_1_131' title='bbox 172 2752 241 2810; x_wconf 85' lang='lat' dir='ltr'>selo,</span> <span class='ocrx_word' id='word_1_132' title='bbox 260 2766 310 2801; x_wconf 94' lang='lat' dir='ltr'>non</span> <span class='ocrx_word' id='word_1_133' title='bbox 324 2761 351 2801; x_wconf 91' lang='lat' dir='ltr'>ut</span> <span class='ocrx_word' id='word_1_134' title='bbox 365 2753 535 2804; x_wconf 78' lang='lat' dir='ltr'>Flamininum</span> <span class='ocrx_word' id='word_1_135' title='bbox 549 2755 743 2805; x_wconf 86' lang='lat' dir='ltr'>sollicitari’</span> <span class='ocrx_word' id='word_1_136' title='bbox 765 2773 787 2805; x_wconf 90' lang='lat' dir='ltr'>e.</span> <span class='ocrx_word' id='word_1_137' title='bbox 803 2771 827 2817; x_wconf 93' lang='lat' dir='ltr'>q.</span> <span class='ocrx_word' id='word_1_138' title='bbox 843 2771 864 2804; x_wconf 86' lang='lat' dir='ltr'>s.</span> <span class='ocrx_word' id='word_1_139' title='bbox 936 2756 971 2804; x_wconf 94' lang='lat' dir='ltr'>Vl</span> <span class='ocrx_word' id='word_1_140' title='bbox 989 2754 1134 2804; x_wconf 79' lang='lat' dir='ltr'>Macrobius</span> <span class='ocrx_word' id='word_1_141' title='bbox 1151 2753 1204 2803; x_wconf 84' lang='lat' dir='ltr'>Sat.</span> <span class='ocrx_word' id='word_1_142' title='bbox 1220 2755 1253 2803; x_wconf 91' lang='lat' dir='ltr'>Vl</span> <span class='ocrx_word' id='word_1_143' title='bbox 1270 2754 1282 2803; x_wconf 97' lang='lat' dir='ltr'>l</span> 
     </span>
     <span class='ocr_line' id='line_1_23' title="bbox 138 2819 1344 2888; baseline 0.004 -19"><span class='ocrx_word' id='word_1_144' title='bbox 138 2867 144 2882; x_wconf 61' lang='grc'>,</span> <span class='ocrx_word' id='word_1_145' title='bbox 173 2835 199 2884; x_wconf 90' lang='lat' dir='ltr'>p.</span> <span class='ocrx_word' id='word_1_146' title='bbox 214 2819 335 2870; x_wconf 75' lang='lat' dir='ltr'>etstan.</span> <span class='ocrx_word' id='word_1_147' title='bbox 357 2826 444 2872; x_wconf 82' lang='lat' dir='ltr'>‘axem</span> <span class='ocrx_word' id='word_1_148' title='bbox 464 2839 553 2872; x_wconf 89' lang='lat' dir='ltr'>umero</span> <span class='ocrx_word' id='word_1_149' title='bbox 570 2833 670 2887; x_wconf 85' lang='lat' dir='ltr'>torquet</span> <span class='ocrx_word' id='word_1_150' title='bbox 688 2825 769 2874; x_wconf 87' lang='lat' dir='ltr'>stellis</span> <span class='ocrx_word' id='word_1_151' title='bbox 787 2825 935 2874; x_wconf 80' lang='lat' dir='ltr'>ardentibus</span> <span class='ocrx_word' id='word_1_152' title='bbox 954 2832 1050 2888; x_wconf 91' lang='lat' dir='ltr'>aptum.</span> <span class='ocrx_word' id='word_1_153' title='bbox 1078 2824 1151 2888; x_wconf 75' lang='lat' dir='ltr'>[Aen.</span> <span class='ocrx_word' id='word_1_154' title='bbox 1171 2825 1206 2872; x_wconf 96' lang='lat' dir='ltr'>lV</span> <span class='ocrx_word' id='word_1_155' title='bbox 1221 2823 1282 2888; x_wconf 79' lang='lat'><strong>482]</strong></span> <span class='ocrx_word' id='word_1_156' title='bbox 1341 2867 1344 2874; x_wconf 90' lang='lat'><em>.</em></span> 
     </span>
     <span class='ocr_line' id='line_1_24' title="bbox 173 2891 1283 2960; baseline 0.003 -22"><span class='ocrx_word' id='word_1_157' title='bbox 173 2891 270 2938; x_wconf 81' lang='lat' dir='ltr'>Ennius</span> <span class='ocrx_word' id='word_1_158' title='bbox 284 2892 309 2938; x_wconf 93' lang='lat' dir='ltr'>in</span> <span class='ocrx_word' id='word_1_159' title='bbox 324 2893 421 2960; x_wconf 73' lang='lat' dir='ltr'>ptimo:</span> <span class='ocrx_word' id='word_1_160' title='bbox 442 2891 563 2958; x_wconf 87' lang='lat' dir='ltr'>[XXVll]</span> <span class='ocrx_word' id='word_1_161' title='bbox 578 2903 602 2944; x_wconf 88' lang='lat' dir='ltr'>et</span> <span class='ocrx_word' id='word_1_162' title='bbox 614 2895 640 2942; x_wconf 92' lang='lat' dir='ltr'>in</span> <span class='ocrx_word' id='word_1_163' title='bbox 654 2897 741 2944; x_wconf 86' lang='lat' dir='ltr'>tertio:</span> <span class='ocrx_word' id='word_1_164' title='bbox 763 2892 845 2959; x_wconf 86' lang='lat' dir='ltr'>[XlV]</span> <span class='ocrx_word' id='word_1_165' title='bbox 859 2895 923 2943; x_wconf 92' lang='lat' dir='ltr'>etin</span> <span class='ocrx_word' id='word_1_166' title='bbox 937 2894 1037 2943; x_wconf 88' lang='lat' dir='ltr'>decimo</span> <span class='ocrx_word' id='word_1_167' title='bbox 1057 2893 1108 2948; x_wconf 85' lang='lat'><strong>...&#39;</strong></span> <span class='ocrx_word' id='word_1_168' title='bbox 1132 2893 1235 2957; x_wconf 81' lang='lat' dir='ltr'>(idem</span> <span class='ocrx_word' id='word_1_169' title='bbox 1253 2894 1283 2941; x_wconf 95' lang='lat' dir='ltr'>in</span> 
     </span>
     <span class='ocr_line' id='line_1_25' title="bbox 173 2957 1284 3029; baseline 0.005 -22"><span class='ocrx_word' id='word_1_170' title='bbox 173 2958 212 3006; x_wconf 84' lang='lat' dir='ltr'>X⁰</span> <span class='ocrx_word' id='word_1_171' title='bbox 228 2957 339 3023; x_wconf 87' lang='lat' dir='ltr'>Salisb.)</span> <span class='ocrx_word' id='word_1_172' title='bbox 408 2962 453 3010; x_wconf 96' lang='lat' dir='ltr'>Vll</span> <span class='ocrx_word' id='word_1_173' title='bbox 472 2962 561 3012; x_wconf 82' lang='lat' dir='ltr'>Festus</span> <span class='ocrx_word' id='word_1_174' title='bbox 581 2979 609 3029; x_wconf 87' lang='lat' dir='ltr'>p.</span> <span class='ocrx_word' id='word_1_175' title='bbox 630 2964 678 3014; x_wconf 83' lang='lat'>177</span> <span class='ocrx_word' id='word_1_176' title='bbox 692 2965 726 3014; x_wconf 88' lang='grc' dir='ltr'>Μ.</span> <span class='ocrx_word' id='word_1_177' title='bbox 748 2965 858 3013; x_wconf 87' lang='lat' dir='ltr'>‘nictit</span> <span class='ocrx_word' id='word_1_178' title='bbox 877 2963 948 3012; x_wconf 88' lang='lat' dir='ltr'>canis</span> <span class='ocrx_word' id='word_1_179' title='bbox 970 2964 996 3012; x_wconf 88' lang='lat' dir='ltr'>in</span> <span class='ocrx_word' id='word_1_180' title='bbox 1015 2962 1153 3012; x_wconf 85' lang='lat' dir='ltr'>odorandis</span> <span class='ocrx_word' id='word_1_181' title='bbox 1173 2962 1284 3012; x_wconf 78' lang='lat' dir='ltr'>letarum</span> 
     </span>
    </p>
   </div>
   <div class='ocr_carea' id='block_1_11' title="bbox 212 3124 1282 3224">
    <p class='ocr_par' dir='ltr' id='par_1_11' title="bbox 212 3124 1282 3224">
     <span class='ocr_line' id='line_1_26' title="bbox 212 3124 1282 3224; baseline -0.004 -17"><span class='ocrx_word' id='word_1_182' title='bbox 212 3153 265 3207; x_wconf 81' lang='grc'>330</span> <span class='ocrx_word' id='word_1_183' title='bbox 277 3150 417 3220; x_wconf 80' lang='lat' dir='ltr'>insignata</span> <span class='ocrx_word' id='word_1_184' title='bbox 425 3149 511 3224; x_wconf 68' lang='lat' dir='ltr'>Sana.</span> <span class='ocrx_word' id='word_1_185' title='bbox 520 3151 607 3224; x_wconf 74' lang='lat' dir='ltr'>Lttqd.</span> <span class='ocrx_word' id='word_1_186' title='bbox 615 3152 758 3208; x_wconf 82' lang='lat' dir='ltr'>Holberst.</span> <span class='ocrx_word' id='word_1_187' title='bbox 769 3153 901 3224; x_wconf 78' lang='lat' dir='ltr'>insignita</span> <span class='ocrx_word' id='word_1_188' title='bbox 911 3153 996 3208; x_wconf 66' lang='lat' dir='ltr'>ceteri</span> <span class='ocrx_word' id='word_1_189' title='bbox 1079 3124 1194 3205; x_wconf 79' lang='lat' dir='ltr'>militum</span> <span class='ocrx_word' id='word_1_190' title='bbox 1206 3153 1282 3218; x_wconf 86' lang='lat' dir='ltr'>octo]</span> 
     </span>
    </p>
   </div>
   <div class='ocr_carea' id='block_1_12' title="bbox 170 3236 1283 3832">
    <p class='ocr_par' dir='ltr' id='par_1_12' title="bbox 170 3236 1283 3832">
     <span class='ocr_line' id='line_1_27' title="bbox 170 3236 1281 3327; baseline 0.002 -19"><span class='ocrx_word' id='word_1_191' title='bbox 170 3253 210 3326; x_wconf 77' lang='lat' dir='ltr'>cf.</span> <span class='ocrx_word' id='word_1_192' title='bbox 222 3253 419 3310; x_wconf 78' lang='lat' dir='ltr'>lachmannus</span> <span class='ocrx_word' id='word_1_193' title='bbox 431 3257 470 3311; x_wconf 86' lang='lat' dir='ltr'>ad</span> <span class='ocrx_word' id='word_1_194' title='bbox 477 3255 563 3312; x_wconf 86' lang='lat' dir='ltr'>Lucr.</span> <span class='ocrx_word' id='word_1_195' title='bbox 576 3255 613 3311; x_wconf 94' lang='lat' dir='ltr'>II</span> <span class='ocrx_word' id='word_1_196' title='bbox 620 3261 672 3317; x_wconf 78' lang='lat' dir='ltr'>too</span> <span class='ocrx_word' id='word_1_197' title='bbox 756 3261 807 3316; x_wconf 85' lang='grc'>337</span> <span class='ocrx_word' id='word_1_198' title='bbox 824 3236 942 3312; x_wconf 81' lang='lat' dir='ltr'>dilectis</span> <span class='ocrx_word' id='word_1_199' title='bbox 958 3254 1043 3326; x_wconf 72' lang='lat' dir='ltr'>Sanq.</span> <span class='ocrx_word' id='word_1_200' title='bbox 1061 3253 1178 3310; x_wconf 86' lang='lat' dir='ltr'>dilectus</span> <span class='ocrx_word' id='word_1_201' title='bbox 1194 3254 1281 3327; x_wconf 74' lang='lat' dir='ltr'>Luqd.</span> 
     </span>
     <span class='ocr_line' id='line_1_28' title="bbox 171 3338 1282 3414; baseline 0.002 -22"><span class='ocrx_word' id='word_1_202' title='bbox 171 3339 296 3395; x_wconf 84' lang='lat' dir='ltr'>delectos</span> <span class='ocrx_word' id='word_1_203' title='bbox 323 3343 409 3396; x_wconf 77' lang='lat' dir='ltr'>ceteri</span> <span class='ocrx_word' id='word_1_204' title='bbox 492 3343 622 3396; x_wconf 86' lang='lat' dir='ltr'>tollerare</span> <span class='ocrx_word' id='word_1_205' title='bbox 650 3339 735 3414; x_wconf 74' lang='lat' dir='ltr'>Sanq.</span> <span class='ocrx_word' id='word_1_206' title='bbox 842 3345 896 3400; x_wconf 84' lang='grc'>338</span> <span class='ocrx_word' id='word_1_207' title='bbox 923 3341 982 3394; x_wconf 71' lang='lat' dir='ltr'>⁰lite</span> <span class='ocrx_word' id='word_1_208' title='bbox 1005 3338 1118 3395; x_wconf 77' lang='lat' dir='ltr'>Mortuo.</span> <span class='ocrx_word' id='word_1_209' title='bbox 1139 3355 1164 3394; x_wconf 88' lang='grc'>3.</span> <span class='ocrx_word' id='word_1_210' title='bbox 1185 3340 1282 3395; x_wconf 80' lang='lat' dir='ltr'>Aetiee</span> 
     </span>
     <span class='ocr_line' id='line_1_29' title="bbox 172 3423 1282 3482; baseline 0.001 -5"><span class='ocrx_word' id='word_1_211' title='bbox 172 3423 248 3478; x_wconf 97' lang='grc'>0331.</span> <span class='ocrx_word' id='word_1_212' title='bbox 318 3427 359 3479; x_wconf 86' lang='lat' dir='ltr'>sic</span> <span class='ocrx_word' id='word_1_213' title='bbox 375 3423 581 3481; x_wconf 84' lang='lat' dir='ltr'>om.Monac.c</span> <span class='ocrx_word' id='word_1_214' title='bbox 651 3434 748 3481; x_wconf 84' lang='lat' dir='ltr'>noctes</span> <span class='ocrx_word' id='word_1_215' title='bbox 762 3424 837 3480; x_wconf 87' lang='grc'>0331.</span> <span class='ocrx_word' id='word_1_216' title='bbox 929 3428 982 3482; x_wconf 86' lang='grc'>339</span> <span class='ocrx_word' id='word_1_217' title='bbox 1000 3423 1097 3478; x_wconf 80' lang='lat' dir='ltr'>Actice</span> <span class='ocrx_word' id='word_1_218' title='bbox 1112 3423 1187 3479; x_wconf 91' lang='grc'>0331.</span> <span class='ocrx_word' id='word_1_219' title='bbox 1259 3426 1282 3478; x_wconf 91' lang='lat' dir='ltr'>si</span> 
     </span>
     <span class='ocr_line' id='line_1_30' title="bbox 171 3507 1282 3581; baseline 0.003 -21"><span class='ocrx_word' id='word_1_220' title='bbox 171 3507 239 3577; x_wconf 89' lang='lat' dir='ltr'>quid</span> <span class='ocrx_word' id='word_1_221' title='bbox 257 3515 282 3562; x_wconf 89' lang='lat' dir='ltr'>te</span> <span class='ocrx_word' id='word_1_222' title='bbox 299 3508 436 3563; x_wconf 86' lang='lat' dir='ltr'>adiuuere</span> <span class='ocrx_word' id='word_1_223' title='bbox 456 3508 525 3565; x_wconf 87' lang='lat' dir='ltr'>Pur.</span> <span class='ocrx_word' id='word_1_224' title='bbox 542 3510 636 3580; x_wconf 93' lang='lat' dir='ltr'>siquid</span> <span class='ocrx_word' id='word_1_225' title='bbox 657 3513 730 3581; x_wconf 82' lang='lat' dir='ltr'>(quit</span> <span class='ocrx_word' id='word_1_226' title='bbox 750 3509 862 3565; x_wconf 84' lang='lat' dir='ltr'>Monac.</span> <span class='ocrx_word' id='word_1_227' title='bbox 881 3512 911 3577; x_wconf 89' lang='lat' dir='ltr'>c)</span> <span class='ocrx_word' id='word_1_228' title='bbox 934 3525 988 3580; x_wconf 84' lang='lat' dir='ltr'>ego</span> <span class='ocrx_word' id='word_1_229' title='bbox 1010 3509 1105 3564; x_wconf 89' lang='lat' dir='ltr'>adiuto</span> <span class='ocrx_word' id='word_1_230' title='bbox 1129 3507 1241 3564; x_wconf 85' lang='lat' dir='ltr'>Monac.</span> <span class='ocrx_word' id='word_1_231' title='bbox 1265 3527 1282 3563; x_wconf 89' lang='grc' dir='ltr'><em>α</em></span> 
     </span>
     <span class='ocr_line' id='line_1_31' title="bbox 170 3589 1283 3665; baseline 0.003 -20"><span class='ocrx_word' id='word_1_232' title='bbox 170 3591 186 3644; x_wconf 85' lang='grc'>3</span> <span class='ocrx_word' id='word_1_233' title='bbox 208 3605 225 3645; x_wconf 88' lang='grc'>3</span> <span class='ocrx_word' id='word_1_234' title='bbox 247 3589 323 3646; x_wconf 89' lang='grc'>0331.</span> <span class='ocrx_word' id='word_1_235' title='bbox 350 3592 462 3662; x_wconf 89' lang='lat' dir='ltr'>siquid</span> <span class='ocrx_word' id='word_1_236' title='bbox 484 3609 538 3665; x_wconf 83' lang='lat' dir='ltr'>ego</span> <span class='ocrx_word' id='word_1_237' title='bbox 560 3593 696 3649; x_wconf 83' lang='lat' dir='ltr'>adiuuere</span> <span class='ocrx_word' id='word_1_238' title='bbox 719 3595 787 3650; x_wconf 78' lang='lat' dir='ltr'>Gud.</span> <span class='ocrx_word' id='word_1_239' title='bbox 873 3594 999 3660; x_wconf 84' lang='lat' dir='ltr'>leuasso]</span> <span class='ocrx_word' id='word_1_240' title='bbox 1021 3589 1176 3648; x_wconf 87' lang='lat' dir='ltr'>l‘lenauero</span> <span class='ocrx_word' id='word_1_241' title='bbox 1198 3609 1283 3648; x_wconf 81' lang='lat' dir='ltr'>manu</span> 
     </span>
     <span class='ocr_line' id='line_1_32' title="bbox 170 3675 1283 3748; baseline 0.002 -19"><span class='ocrx_word' id='word_1_242' title='bbox 170 3677 283 3748; x_wconf 78' lang='lat' dir='ltr'>antiqua</span> <span class='ocrx_word' id='word_1_243' title='bbox 297 3689 439 3747; x_wconf 81' lang='lat' dir='ltr'>superscr.</span> <span class='ocrx_word' id='word_1_244' title='bbox 457 3678 485 3731; x_wconf 85' lang='lat' dir='ltr'>in</span> <span class='ocrx_word' id='word_1_245' title='bbox 500 3677 569 3732; x_wconf 86' lang='lat' dir='ltr'>Pur.</span> <span class='ocrx_word' id='word_1_246' title='bbox 675 3682 728 3737; x_wconf 82' lang='grc'>340</span> <span class='ocrx_word' id='word_1_247' title='bbox 746 3685 771 3731; x_wconf 89' lang='lat' dir='ltr'>te</span> <span class='ocrx_word' id='word_1_248' title='bbox 787 3694 860 3732; x_wconf 89' lang='lat' dir='ltr'>nunc</span> <span class='ocrx_word' id='word_1_249' title='bbox 878 3675 953 3733; x_wconf 90' lang='grc'>0331.</span> <span class='ocrx_word' id='word_1_250' title='bbox 1040 3683 1136 3731; x_wconf 82' lang='lat' dir='ltr'>uersat</span> <span class='ocrx_word' id='word_1_251' title='bbox 1155 3678 1196 3744; x_wconf 90' lang='lat' dir='ltr'>in]</span> <span class='ocrx_word' id='word_1_252' title='bbox 1221 3694 1283 3732; x_wconf 86' lang='lat' dir='ltr'>uer·</span> 
     </span>
     <span class='ocr_line' id='line_1_33' title="bbox 171 3757 1282 3832; baseline 0 -18"><span class='ocrx_word' id='word_1_253' title='bbox 171 3767 248 3814; x_wconf 86' lang='lat' dir='ltr'>satur</span> <span class='ocrx_word' id='word_1_254' title='bbox 258 3757 371 3815; x_wconf 85' lang='lat' dir='ltr'>Monac.</span> <span class='ocrx_word' id='word_1_255' title='bbox 385 3775 402 3815; x_wconf 89' lang='grc'>3</span> <span class='ocrx_word' id='word_1_256' title='bbox 465 3759 546 3815; x_wconf 84' lang='lat' dir='ltr'>llrma</span> <span class='ocrx_word' id='word_1_257' title='bbox 558 3761 660 3832; x_wconf 83' lang='lat' dir='ltr'>ecquid</span> <span class='ocrx_word' id='word_1_258' title='bbox 676 3764 728 3816; x_wconf 90' lang='lat' dir='ltr'>erit</span> <span class='ocrx_word' id='word_1_259' title='bbox 740 3761 810 3816; x_wconf 84' lang='lat' dir='ltr'>Gud.</span> <span class='ocrx_word' id='word_1_260' title='bbox 825 3761 882 3814; x_wconf 84' lang='lat' dir='ltr'>lixa</span> <span class='ocrx_word' id='word_1_261' title='bbox 893 3767 920 3814; x_wconf 91' lang='lat' dir='ltr'>et</span> <span class='ocrx_word' id='word_1_262' title='bbox 933 3775 988 3832; x_wconf 87' lang='lat' dir='ltr'>qua</span> <span class='ocrx_word' id='word_1_263' title='bbox 1002 3759 1168 3830; x_wconf 89' lang='lat' dir='ltr'>deprimeris</span> <span class='ocrx_word' id='word_1_264' title='bbox 1181 3759 1282 3830; x_wconf 82' lang='lat' dir='ltr'>ecquid</span> 
     </span>
    </p>
   </div>
   <div class='ocr_carea' id='block_1_13' title="bbox 170 3842 1280 3916">
    <p class='ocr_par' dir='ltr' id='par_1_13' title="bbox 170 3842 1280 3916">
     <span class='ocr_line' id='line_1_34' title="bbox 170 3842 1280 3916; baseline 0 -18"><span class='ocrx_word' id='word_1_265' title='bbox 170 3847 213 3912; x_wconf 91' lang='lat' dir='ltr'>(et</span> <span class='ocrx_word' id='word_1_266' title='bbox 235 3844 302 3915; x_wconf 88' lang='lat' dir='ltr'>quid</span> <span class='ocrx_word' id='word_1_267' title='bbox 320 3842 432 3899; x_wconf 85' lang='lat' dir='ltr'>Monac.</span> <span class='ocrx_word' id='word_1_268' title='bbox 454 3844 483 3912; x_wconf 89' lang='grc'>3)</span> <span class='ocrx_word' id='word_1_269' title='bbox 507 3847 558 3900; x_wconf 81' lang='lat' dir='ltr'>erit</span> <span class='ocrx_word' id='word_1_270' title='bbox 576 3844 689 3901; x_wconf 85' lang='lat' dir='ltr'>Monac.</span> <span class='ocrx_word' id='word_1_271' title='bbox 709 3863 727 3900; x_wconf 86' lang='lat' dir='ltr'>u</span> <span class='ocrx_word' id='word_1_272' title='bbox 749 3845 765 3900; x_wconf 91' lang='lat' dir='ltr'>b</span> <span class='ocrx_word' id='word_1_273' title='bbox 784 3861 801 3899; x_wconf 85' lang='lat' dir='ltr'>c</span> <span class='ocrx_word' id='word_1_274' title='bbox 823 3843 900 3901; x_wconf 88' lang='grc'>0331.</span> <span class='ocrx_word' id='word_1_275' title='bbox 1006 3847 1057 3903; x_wconf 74' lang='lat'>341</span> <span class='ocrx_word' id='word_1_276' title='bbox 1081 3845 1183 3916; x_wconf 74' lang='lat' dir='ltr'>premii</span> <span class='ocrx_word' id='word_1_277' title='bbox 1211 3845 1280 3900; x_wconf 74' lang='lat' dir='ltr'>Gecd.</span> 
     </span>
    </p>
   </div>
   <div class='ocr_carea' id='block_1_14' title="bbox 169 3933 1282 4374">
    <p class='ocr_par' dir='ltr' id='par_1_14' title="bbox 169 3933 1282 4374">
     <span class='ocr_line' id='line_1_35' title="bbox 169 3933 1281 4038; baseline 0.002 -24"><span class='ocrx_word' id='word_1_278' title='bbox 169 3962 256 4032; x_wconf 89' lang='lat' dir='ltr'>precii</span> <span class='ocrx_word' id='word_1_279' title='bbox 270 3959 384 4018; x_wconf 85' lang='lat' dir='ltr'>Monac.</span> <span class='ocrx_word' id='word_1_280' title='bbox 404 3979 421 4016; x_wconf 90' lang='lat' dir='ltr'>o</span> <span class='ocrx_word' id='word_1_281' title='bbox 443 3961 458 4015; x_wconf 87' lang='grc'>3</span> <span class='ocrx_word' id='word_1_282' title='bbox 480 3978 497 4016; x_wconf 83' lang='grc'>3</span> <span class='ocrx_word' id='word_1_283' title='bbox 520 3960 596 4018; x_wconf 85' lang='grc'>0331.</span> <span class='ocrx_word' id='word_1_284' title='bbox 620 3933 648 4038; x_wconf 50' lang='grc' dir='ltr'>ξιξ</span> <span class='ocrx_word' id='word_1_285' title='bbox 662 3964 730 4034; x_wconf 91' lang='lat' dir='ltr'>quid</span> <span class='ocrx_word' id='word_1_286' title='bbox 746 3965 798 4018; x_wconf 89' lang='lat' dir='ltr'>erit</span> <span class='ocrx_word' id='word_1_287' title='bbox 814 3963 930 4035; x_wconf 87' lang='lat' dir='ltr'>praemii</span> <span class='ocrx_word' id='word_1_288' title='bbox 948 3961 1019 4017; x_wconf 85' lang='lat' dir='ltr'>Por.</span> <span class='ocrx_word' id='word_1_289' title='bbox 1037 3978 1091 4034; x_wconf 75' lang='lat' dir='ltr'>my.</span> <span class='ocrx_word' id='word_1_290' title='bbox 1109 3978 1194 4018; x_wconf 85' lang='lat' dir='ltr'>manu</span> <span class='ocrx_word' id='word_1_291' title='bbox 1211 3965 1281 4018; x_wconf 82' lang='lat' dir='ltr'>unti-</span> 
     </span>
     <span class='ocr_line' id='line_1_36' title="bbox 169 4044 1282 4117; baseline -0.002 -15"><span class='ocrx_word' id='word_1_292' title='bbox 169 4063 224 4117; x_wconf 84' lang='lat' dir='ltr'>qua</span> <span class='ocrx_word' id='word_1_293' title='bbox 331 4051 384 4105; x_wconf 73' lang='grc'>342</span> <span class='ocrx_word' id='word_1_294' title='bbox 411 4047 457 4101; x_wconf 89' lang='lat' dir='ltr'>ille</span> <span class='ocrx_word' id='word_1_295' title='bbox 485 4047 526 4101; x_wconf 91' lang='lat' dir='ltr'>uir</span> <span class='ocrx_word' id='word_1_296' title='bbox 548 4049 648 4104; x_wconf 89' lang='lat' dir='ltr'>ennius</span> <span class='ocrx_word' id='word_1_297' title='bbox 674 4047 826 4104; x_wconf 72' lang='lat' dir='ltr'>Menoec</span> <span class='ocrx_word' id='word_1_298' title='bbox 911 4048 978 4104; x_wconf 84' lang='lat' dir='ltr'>haut</span> <span class='ocrx_word' id='word_1_299' title='bbox 1006 4044 1154 4102; x_wconf 66' lang='lat' dir='ltr'>Monocoli</span> <span class='ocrx_word' id='word_1_300' title='bbox 1181 4061 1206 4100; x_wconf 89' lang='lat' dir='ltr'>c.</span> <span class='ocrx_word' id='word_1_301' title='bbox 1235 4052 1282 4102; x_wconf 87' lang='lat' dir='ltr'>aut</span> 
     </span>
     <span class='ocr_line' id='line_1_37' title="bbox 171 4130 1280 4204; baseline -0.002 -18"><span class='ocrx_word' id='word_1_302' title='bbox 171 4130 241 4186; x_wconf 82' lang='lat' dir='ltr'>Gud.</span> <span class='ocrx_word' id='word_1_303' title='bbox 265 4130 341 4186; x_wconf 88' lang='lat' dir='ltr'>lraud</span> <span class='ocrx_word' id='word_1_304' title='bbox 364 4133 449 4185; x_wconf 79' lang='lat' dir='ltr'>ceteri</span> <span class='ocrx_word' id='word_1_305' title='bbox 533 4147 596 4186; x_wconf 88' lang='lat' dir='ltr'>curn</span> <span class='ocrx_word' id='word_1_306' title='bbox 619 4149 722 4204; x_wconf 85' lang='lat' dir='ltr'>magna</span> <span class='ocrx_word' id='word_1_307' title='bbox 742 4150 771 4186; x_wconf 91' lang='lat' dir='ltr'>re</span> <span class='ocrx_word' id='word_1_308' title='bbox 791 4132 904 4187; x_wconf 86' lang='lat' dir='ltr'>Monac.</span> <span class='ocrx_word' id='word_1_309' title='bbox 929 4150 948 4185; x_wconf 88' lang='lat' dir='ltr'>o</span> <span class='ocrx_word' id='word_1_310' title='bbox 970 4132 986 4185; x_wconf 86' lang='grc'>3</span> <span class='ocrx_word' id='word_1_311' title='bbox 1009 4146 1034 4184; x_wconf 82' lang='grc'>3.</span> <span class='ocrx_word' id='word_1_312' title='bbox 1056 4131 1143 4184; x_wconf 85' lang='lat' dir='ltr'>multa</span> <span class='ocrx_word' id='word_1_313' title='bbox 1164 4147 1226 4185; x_wconf 88' lang='lat' dir='ltr'>curn</span> <span class='ocrx_word' id='word_1_314' title='bbox 1251 4147 1280 4184; x_wconf 87' lang='lat' dir='ltr'>re</span> 
     </span>
     <span class='ocr_line' id='line_1_38' title="bbox 171 4213 1280 4273; baseline 0 -3"><span class='ocrx_word' id='word_1_315' title='bbox 171 4214 240 4272; x_wconf 84' lang='lat' dir='ltr'>Gud.</span> <span class='ocrx_word' id='word_1_316' title='bbox 328 4223 371 4270; x_wconf 88' lang='lat' dir='ltr'>set</span> <span class='ocrx_word' id='word_1_317' title='bbox 397 4215 468 4271; x_wconf 84' lang='lat' dir='ltr'>Gud.</span> <span class='ocrx_word' id='word_1_318' title='bbox 499 4215 551 4270; x_wconf 92' lang='lat' dir='ltr'>sed</span> <span class='ocrx_word' id='word_1_319' title='bbox 578 4220 663 4272; x_wconf 77' lang='lat' dir='ltr'>cetem&#39;</span> <span class='ocrx_word' id='word_1_320' title='bbox 746 4217 803 4272; x_wconf 87' lang='lat' dir='ltr'>fide</span> <span class='ocrx_word' id='word_1_321' title='bbox 827 4215 904 4273; x_wconf 87' lang='grc'>0331.</span> <span class='ocrx_word' id='word_1_322' title='bbox 1009 4218 1063 4272; x_wconf 76' lang='grc'>343</span> <span class='ocrx_word' id='word_1_323' title='bbox 1089 4215 1134 4270; x_wconf 89' lang='lat' dir='ltr'>hic</span> <span class='ocrx_word' id='word_1_324' title='bbox 1156 4213 1231 4270; x_wconf 85' lang='lat' dir='ltr'>Med.</span> <span class='ocrx_word' id='word_1_325' title='bbox 1252 4233 1280 4270; x_wconf 87' lang='lat' dir='ltr'>a.</span> 
     </span>
     <span class='ocr_line' id='line_1_39' title="bbox 169 4297 1282 4374; baseline 0.002 -22"><span class='ocrx_word' id='word_1_326' title='bbox 169 4297 241 4353; x_wconf 86' lang='lat' dir='ltr'>haee</span> <span class='ocrx_word' id='word_1_327' title='bbox 254 4299 353 4356; x_wconf 77' lang='lat' dir='ltr'>salua</span> <span class='ocrx_word' id='word_1_328' title='bbox 437 4301 595 4372; x_wconf 87' lang='lat' dir='ltr'>praecessit</span> <span class='ocrx_word' id='word_1_329' title='bbox 608 4300 711 4357; x_wconf 78' lang='lat' dir='ltr'>Medo</span> <span class='ocrx_word' id='word_1_330' title='bbox 817 4305 870 4360; x_wconf 77' lang='lat' dir='ltr'>stt</span> <span class='ocrx_word' id='word_1_331' title='bbox 892 4300 974 4355; x_wconf 85' lang='lat' dir='ltr'>sicuti</span> <span class='ocrx_word' id='word_1_332' title='bbox 989 4300 1013 4354; x_wconf 91' lang='lat' dir='ltr'>si</span> <span class='ocrx_word' id='word_1_333' title='bbox 1029 4298 1141 4370; x_wconf 86' lang='lat' dir='ltr'>quando</span> <span class='ocrx_word' id='word_1_334' title='bbox 1156 4298 1282 4374; x_wconf 64' lang='lat' dir='ltr'>Scuquer</span> 
     </span>
    </p>
   </div>
   <div class='ocr_carea' id='block_1_15' title="bbox 1028 4391 1076 4454">
    <p class='ocr_par' dir='ltr' id='par_1_15' title="bbox 1028 4391 1076 4454">
     <span class='ocr_line' id='line_1_40' title="bbox 1028 4391 1076 4454; baseline 0 -28"><span class='ocrx_word' id='word_1_335' title='bbox 1028 4391 1076 4454; x_wconf 64' lang='lat' dir='ltr'>r*</span> 
     </span>
    </p>
   </div>
   <div class='ocr_carea' id='block_1_16' title="bbox 0 0 1560 5040">
    <p class='ocr_par' dir='ltr' id='par_1_16' title="bbox 0 0 1560 5040">
     <span class='ocr_line' id='line_1_41' title="bbox 0 0 1560 5040; baseline 0 0"><span class='ocrx_word' id='word_1_336' title='bbox 0 0 1560 5040; x_wconf 95' lang='lat' dir='ltr'> </span> 
     </span>
    </p>
   </div>
  </div>
 </body>
</html>
