2984 5048
609 399 961 458 TRAGOEDlARVM

765 569 811 640 lli

334 683 472 758 'Interea
494 687 651 758 mortales
674 688 759 759 inter
781 687 858 759 saise
877 691 1029 781 pugnant
1047 688 1220 780 procliani.

774 826 806 896 X

335 947 366 1012 .'
398 995 906 1016 .........
959 966 1120 1015 summam
1141 945 1178 1014 tt
1200 943 1257 1014 libi

333 1045 399 1116 Pro
432 1047 518 1118 mala
547 1045 617 1116 uilu
648 1047 771 1118 limam
806 1045 978 1166 extolles).
1000 1049 1061 1139 pro
1095 1047 1183 1118 bona
1213 1050 1350 1139 pariam

335 1251 420 1321 usu
438 1217 591 1320 uolentes
610 1251 730 1322 remam
748 1150 1166 1336 colunugffiuenus
1189 1251 1349 1352 guttam.

763 1385 809 1454 XI

265 1515 306 1575 30
333 1506 381 1576 lia
400 1505 513 1598 migni
535 1507 655 1576 fluctus
679 1504 880 1586 eiciebaniiir
932 1559 940 1575 .
995 1560 1003 1576 .

744 1639 828 1711 Xll*

333 1760 455 1830 Cressa
471 1761 584 1851 puluis
603 1760 720 1845 oritur,
752 1782 880 1828 omnem
904 1759 1056 1851 peruolet
1078 1758 1162 1828 caeli
1179 1759 1310 1828 fretum.

531 1946 747 2019 coelicus
774 1946 1043 2046 luisuaaoffl

778 2101 792 2170 Ι

333 2217 509 2310 Exsurge,
537 2241 675 2309 praeco:
703 2220 756 2292 tte
777 2219 903 2312 populo
927 2220 1125 2291 audientiam

658 2355 675 2392 ss
900 2355 916 2393 *-

778 2412 795 2450 *

333 2491 501 2584 Sileleque
520 2495 552 2563 et
572 2493 678 2564 tacete
695 2497 795 2587 alque
816 2493 958 2564 animum
977 2473 1158 2563 aduertite:

333 2595 460 2664 Audire
482 2617 546 2664 uos
567 2595 657 2666 iubet
679 2598 858 2689 imperator
909 2649 918 2668 .
972 2649 980 2664 .

230 2796 369 2846 liberum
450 2796 497 2846 sed
508 2804 536 2846 ut
550 2796 593 2848 isti
606 2797 709 2848 uolunt:
726 2813 810 2862 neque
824 2807 895 2847 tuum
911 2812 1033 2861 umquam
1050 2797 1074 2845 in
1089 2795 1215 2861 gremium
1232 2793 1341 2843 extollas

230 2866 367 2914 liberorum
387 2879 420 2914 ex
438 2871 463 2914 te
486 2879 577 2930 genus.
611 2867 642 2916 Et
665 2869 761 2918 idem:
787 2883 927 2931 namque
946 2866 1130 2930 Aesculapi
1151 2863 1338 2913 liberorum.

230 2934 674 2999 Atillealterinilhryse...
709 2938 788 3000 Atqui
803 2937 1054 2987 dixitAt'tiue'e.
1069 2951 1093 2998 q.
1109 2949 1130 2983 s.
1157 2933 1340 2982 AchilliEunii
1398 2957 1401 2964 ·

229 3003 372 3054 uindicauit
391 3003 517 3068 Berghius
532 3004 587 3054 lud.
608 3005 665 3055 lect.
681 3006 762 3057 Marb.
782 3014 845 3056 aest.
868 3006 936 3056 1844
957 3022 984 3072 p.
1000 3006 1061 3055 Vlll
1077 3019 1117 3066 sq.
1188 3003 1226 3052 IX
1244 3002 1338 3052 Nouius

230 3089 256 3139 p.
273 3073 335 3134 472,
351 3072 386 3124 30
409 3073 602 3138 ‘proeliant
635 3075 732 3125 Ennius
755 3076 856 3126 Achille
878 3076 933 3125 ...’
965 3073 1120 3140 (Achille
1141 3070 1338 3122 Aristarchi

229 3140 338 3207 Aldina)
407 3143 432 3192 X
450 3143 564 3193 Isidorus
575 3143 701 3194 different.
713 3144 765 3196 218
780 3146 861 3195 ‘iuter
876 3145 970 3195 lamam
982 3151 1007 3194 et
1016 3144 1137 3209 gloriam:
1151 3141 1235 3207 gloria
1244 3143 1336 3206 quippe

229 3215 351 3262 uirtutum
364 3219 417 3272 est,
436 3212 506 3262 fama
519 3227 580 3264 uero
594 3214 724 3264 uitiorum.
754 3215 851 3264 Ennius
867 3216 894 3264 iu
910 3213 1025 3265 Achille:
1045 3213 1182 3262 summam'
1205 3228 1227 3261 e.
1242 3228 1266 3274 q.
1281 3226 1302 3260 s.

263 3282 300 3332 XI
318 3282 406 3332 Cicero
420 3283 445 3330 iu
461 3284 534 3332 Veri.
549 3292 598 3332 act.
613 3285 637 3332 ll
653 3284 677 3344 l,
694 3284 725 3334 18
745 3289 811 3334 ‘tum
824 3284 908 3335 subito
921 3290 1086 3348 tempestates
1100 3289 1201 3332 coortae
1212 3289 1271 3330 sunt
1286 3295 1336 3330 ma-

228 3352 328 3412 ximae,
348 3351 460 3410 iudices,
479 3360 506 3400 ut
524 3367 574 3402 non
589 3353 666 3402 modo
684 3353 828 3418 proficisci,
848 3369 905 3403 oum
925 3359 1043 3418 cuperet,
1063 3349 1198 3402 Dolabella
1216 3365 1266 3400 nou
1280 3364 1335 3415 pos

228 3429 282 3480 set,
307 3419 353 3470 scd
370 3421 417 3468 uix
431 3421 457 3469 in
473 3421 569 3485 oppido
585 3423 749 3472 consisteret:
775 3423 823 3472 ita'
849 3438 872 3472 e.
887 3438 912 3486 q.
928 3438 950 3472 s.
988 3421 1075 3478 Schol.
1098 3420 1208 3471 Gronou.
1229 3421 1255 3470 in
1274 3419 1299 3468 h.
1317 3419 1334 3467 1.

230 3491 292 3540 ‘ita
306 3489 429 3554 megni'
449 3505 472 3540 e.
487 3505 512 3552 q.
526 3505 548 3540 s.
568 3492 699 3542 ‘Enniano
714 3491 878 3542 hemistichia
895 3507 957 3542 usus
970 3500 1054 3542 estex
1067 3489 1256 3554 eatrugoedia,
1274 3503 1334 3552 quae

230 3559 345 3609 Achilles
368 3559 533 3609 inscribitur)
603 3559 653 3610 Xll
674 3561 772 3611 Nouius
793 3577 820 3627 p.
842 3562 902 3623 205,
923 3560 958 3612 28
985 3560 1119 3611 ‘fretum
1205 3558 1333 3609 masculini

229 3657 309 3670 --
324 3629 420 3678 Ennius
434 3629 486 3677 ...’

264 3701 402 3750 Acamas
420 3699 597 3750 Amsuaacm
633 3699 644 3748 1
667 3699 773 3750 Plautus
792 3699 898 3750 Poenuli
919 3699 1013 3765 proll
1036 3696 1178 3750 ‘Achillem
1198 3695 1333 3746 Aristarchi

229 3768 293 3819 mihi
317 3769 482 3818 commentari
508 3769 590 3818 lubet:
617 3769 680 3819 lude
704 3769 768 3819 mihi
792 3769 948 3836 principium
970 3769 1070 3834 capiam
1089 3781 1121 3817 ex
1144 3781 1175 3816 ea
1196 3764 1331 3832 tragoedia.

231 3837 405 3902 sileteque
430 3873 503 3888 .....
528 3838 712 3903 imperator
732 3839 913 3888 histricus!
951 3838 981 3888 11
1004 3837 1175 3904 ‘Exsurge'
1201 3851 1224 3885 c.
1240 3851 1265 3898 q.
1281 3849 1300 3883 s.

235 3963 440 3975 ....----

271 4049 306 4105 26
325 4046 431 4100 interea
444 4043 477 4100 K
475 4047 651 4102 lucamannus
663 4047 693 4102 in
706 4045 804 4102 Ichnai
815 4047 916 4104 Annol.
928 4046 1026 4119 philol.
1045 4049 1114 4106 184⁵
1128 4041 1221 4115 suppl.
1231 4058 1263 4113 p.
1275 4045 1330 4108 328,

229 4129 426 4186 Locumaanus
453 4132 492 4187 cd
515 4131 600 4188 Lucr.
627 4129 665 4186 ΙΙ
688 4135 749 4190 118.
781 4132 839 4188 inta
862 4131 925 4188 ltlm'
1028 4135 1064 4190 28
1091 4144 1142 4203 pro
1171 4130 1246 4184 hona
1271 4141 1329 4196 par-

230 4220 285 4270 tam
302 4213 331 4269 0.
348 4213 521 4271 Rtooecatuc.
544 4222 572 4270 et
591 4231 642 4287 pro
663 4217 738 4272 bona
757 4221 886 4288 paratam
906 4214 1033 4274 Isidorus
1139 4216 1174 4271 et
1196 4227 1248 4267 uos
1263 4210 1331 4265 iubet

232 4296 261 4354 0.
276 4296 450 4354 Ribbeclcius.
471 4299 546 4355 iubet
558 4315 611 4356 uos
628 4299 692 4355 libri
