3112 5040
665 407 755 464 ANN
762 407 788 464 Α
795 405 901 462 LIVM

748 576 789 646 lll
805 575 821 610 *

331 714 398 784 Nec
417 735 469 783 me
488 735 556 782 rem
576 713 670 782 decet
690 712 775 782 hanc
796 711 1018 782 candentibus
1041 710 1141 780 edere
1162 707 1295 778 chartis.

734 848 782 918 lV
796 845 836 884 *²⁸¹

245 977 307 1039 230
334 967 465 1058 Appius
486 966 603 1037 indixit
619 967 950 1061 Karthaginiensibus
971 965 1102 1036 bellum.

756 1103 790 1171 V
803 1102 819 1140 tl‘

334 1219 517 1311 Explorant
533 1223 709 1294 Numidae:
732 1227 834 1294 totam
857 1221 960 1317 quatit
977 1219 1105 1313 ungula
1124 1220 1254 1288 terram.

749 1360 797 1430 Vl
811 1359 827 1397 *

338 1528 656 1548 ......
710 1482 827 1548 tonsas
845 1481 920 1546 ante
940 1479 1090 1547 tenentes

336 1578 510 1664 Parerent,
533 1581 766 1666 obseruarent‚
792 1579 994 1671 portisculus
1015 1579 1150 1671 signum

337 1679 417 1750 Cum
439 1682 517 1752 dare
535 1684 702 1776 coepisset

758 1815 820 1885 Vll

249 1942 311 2003 235
338 1934 441 2003 Poste
463 1935 641 2004 recumbite
659 1940 838 2029 uestraque
857 1936 994 2026 pectora
1015 1934 1127 2026 pellite
1145 1935 1261 2006 tonsis.

752 2071 828 2141 Vlll

336 2186 428 2256 Pone
450 2191 581 2278 petunt:
604 2190 691 2260 exim
713 2194 860 2298 referunt
879 2191 921 2261 ad
942 2191 1077 2282 pectora
1098 2190 1225 2258 tonsas.

270 2387 306 2436 III
332 2384 438 2437 Seruius
462 2387 488 2438 in
511 2389 575 2440 Aen.
602 2391 663 2441 VIII
682 2392 731 2446 361
763 2393 837 2444 ‘alil'
858 2394 913 2459 (sc.
937 2393 1023 2442 dicunt
1045 2385 1164 2453 carinas)
1190 2389 1276 2453 ‘quod
1297 2391 1347 2439 ibi'

235 2455 275 2522 (h.
287 2474 309 2506 e.
322 2457 347 2506 ln
358 2455 433 2508 lautis
444 2456 551 2524 carinis)
566 2459 669 2511 ‘Sabini
683 2463 782 2514 nobiles
796 2463 975 2522 habitauerInt,
990 2475 1096 2524 quorum
1110 2474 1192 2526 genus
1204 2459 1311 2510 Inridere
1325 2467 1349 2509 et

235 2528 349 2576 caricare
368 2527 475 2577 solebat.
508 2528 665 2582 Carinare
688 2541 772 2584 autem
796 2543 833 2583 est
852 2535 1001 2584 obtrectare.
1028 2531 1139 2580 Ennius:
1167 2527 1214 2593 [Vl
1233 2529 1265 2578 lr.
1289 2527 1347 2594 111].

235 2596 312 2645 alibi:
335 2611 417 2660 neque
435 2598 488 2647 me·
512 2613 534 2648 e.
550 2615 574 2662 q.
590 2615 611 2648 s.
644 2603 690 2652 llic
711 2605 818 2652 inseruit
838 2605 879 2653 ed.
900 2603 972 2667 Lips.
1044 2599 1079 2648 1v
1099 2599 1187 2648 Cicero
1210 2599 1241 2648 de
1260 2598 1347 2647 inu.l

237 2664 278 2726 m,
301 2665 334 2715 27
360 2666 482 2715 ‘historia
503 2673 540 2716 est
559 2678 632 2734 gesta
650 2686 690 2720 res
712 2673 743 2722 ab
762 2674 853 2722 aetatis
874 2679 975 2723 nostrae
997 2669 1120 2718 memoria
1139 2677 1250 2728 remota,
1281 2668 1349 2730 qnod

235 2748 332 2800 genus:
360 2735 476 2800 Appius’
499 2752 521 2786 e.
543 2752 568 2798 q.
589 2754 610 2787 a.
647 2739 723 2790 Ennii
743 2756 846 2791 uersum
871 2743 911 2791 ed.
933 2740 1004 2804 Lips.
1025 2739 1129 2804 agnouit
1199 2739 1222 2787 V
1252 2737 1349 2786 Macro-

234 2804 293 2852 bius
312 2801 366 2852 Sat.
385 2805 421 2853 VI
446 2805 457 2854 1
478 2819 504 2868 p.
527 2805 578 2857 500
597 2808 654 2857 Jan.
682 2811 902 2876 ‘quadripedante
920 2816 1020 2876 putrem
1038 2809 1122 2857 sonitu
1145 2808 1225 2868 quatit
1253 2806 1350 2872 ungula

235 2886 363 2936 campum.
405 2871 486 2938 [Aen.
511 2875 572 2924 Vlll
593 2876 658 2942 596]
689 2881 786 2930 Ennius
808 2882 834 2930 in
856 2888 928 2930 sexto
954 2878 1017 2927 ...’
1054 2879 1082 2926 lu
1103 2877 1211 2940 septimo
1234 2877 1349 2940 reposuit

235 2941 283 2990 Th.
299 2941 407 3006 Hugius.
423 2943 467 3006 (in
483 2942 572 2992 XVll⁰
588 2945 640 2995 Sal.
658 2946 707 2997 hoc
721 2965 797 2999 uersu
814 2949 961 3015 praeposito
975 2948 998 2997 ei
1011 2947 1054 3010 qui
1068 2945 1166 2995 aXVll
1180 2945 1272 2994 allatus
1286 2961 1350 3010 pau-

235 3010 288 3059 lum
301 3009 369 3059 iufra
381 3011 451 3075 apud
461 3011 617 3063 Macrobium
633 3015 739 3081 legitur)
808 3021 843 3068 VI
862 3019 959 3067 Nonius
968 3032 994 3083 p.
1006 3015 1105 3074 15Ι,25
1121 3015 1350 3079 ‘portisculus

189 3137 192 3142 ,
236 3081 341 3145 proprie
357 3087 394 3129 est
409 3080 523 3131 hortator
534 3084 675 3150 remigum,
695 3089 774 3137 idest
788 3088 831 3151 qui
850 3087 957 3137 eandem
972 3087 1094 3151 perticam
1109 3091 1189 3144 tenet,
1210 3099 1275 3146 qnae
1288 3099 1347 3150 por-

203 3153 209 3160 '
235 3149 342 3199 tiseulus
361 3151 469 3211 dicitur,
491 3166 541 3214 qna
560 3169 694 3204 excursum
708 3166 732 3206 et
746 3157 938 3207 exhortamenta
957 3156 1111 3205 moderatur.
1139 3154 1243 3203 Plautus
1257 3155 1350 3206 Asina-

236 3221 276 3269 rIa
353 3220 450 3270 Ennius
470 3220 515 3270 lib.
530 3222 591 3270 VIll
611 3225 740 3276 annalium
762 3228 817 3275 ...’
847 3226 962 3292 SeptImo
981 3225 1086 3274 ascribit
1099 3223 1206 3273 Merula.
1238 3224 1276 3273 De
1290 3238 1364 3290 por-⁴

235 3289 328 3339 tisculo
342 3289 484 3355 disputauit
498 3290 642 3342 Gronouius
654 3294 760 3346 Obseru.
774 3297 809 3345 IV
822 3297 857 3348 26
870 3311 896 3360 p.
905 3293 957 3347 832
964 3294 1045 3344 Platn.
1117 3293 1164 3342 Vll
1180 3293 1241 3342 Vlll
1260 3293 1350 3342 Festus

236 3373 263 3424 p.
278 3357 331 3410 356
343 3358 378 3408 M.
399 3361 537 3409 ‘tonsam
555 3362 651 3412 Ennius
664 3361 797 3431 sigulfieat'
806 3381 920 3426 remum,
941 3364 1009 3426 quod
1026 3362 1100 3426 quasi
1118 3362 1252 3412 tondeatur
1270 3362 1348 3423 terro,

237 3442 294 3476 cum
314 3428 350 3476 ait
367 3427 385 3476 l.
406 3428 469 3477 VII:
493 3431 581 3493 poste‘
601 3448 623 3480 e.
637 3447 663 3494 q.
678 3449 700 3483 s.
725 3437 814 3484 ‘item:
834 3435 913 3500 pone'
934 3450 956 3483 e.
978 3449 1003 3496 q.
1023 3448 1044 3482 s.
1080 3431 1174 3482 Paulus
1193 3448 1219 3497 p.
1240 3431 1291 3483 357
1313 3431 1348 3482 M.

237 3499 349 3546 ‘tonsa
367 3511 468 3558 remus,
495 3499 563 3560 quod
583 3502 657 3562 quasi
677 3504 811 3555 tondeatur
829 3504 907 3554 terro.
932 3503 1043 3553 Ennius:
1069 3502 1149 3567 pone'
1175 3517 1197 3550 e.
1216 3519 1240 3565 q.
1256 3517 1277 3550 a.

280 3709 332 3764 229
353 3719 405 3760 nec
425 3721 469 3760 me
490 3721 549 3761 rem
568 3706 607 3763 II.
630 3707 775 3784 Ilbcrqiw.
797 3725 887 3783 neque
910 3727 954 3766 me
971 3709 1097 3768 Seruum.
1119 3709 1172 3766 sed
1193 3725 1284 3782 neque
1304 3726 1348 3764 me

238 3788 392 3846 Salmasius
413 3789 519 3845 Emere.
541 3790 614 3851 Plin.
635 3811 668 3866 p.
687 3799 785 3863 283,1
873 3811 925 3851 nee
947 3795 1029 3852 decet
1047 3795 1118 3852 haee
1141 3811 1186 3850 me
1208 3812 1232 3850 c.
1253 3810 1280 3850 e.
1301 3793 1347 3848 ch.
1432 3811 1439 3825 ·

177 3933 179 3940 s
237 3874 461 3946 Laurenbcrqtus
473 3874 564 3948 Antt'q.
579 3894 614 3949 p.
630 3883 674 3937 69.
703 3879 747 3951 Os.
763 3879 805 3934 M.
818 3878 959 3952 Hauptius
976 3878 1089 3936 Obseru.
1105 3882 1166 3936 ortt.
1181 3897 1214 3952 p.
1229 3884 1263 3936 4⁵

279 3964 330 4018 231
360 3959 473 4015 umidae
499 3957 574 4015 Med.
597 3977 622 4016 e.
656 3962 772 4018 humide
797 3963 903 4036 Anqlt'c.
930 3963 1001 4020 Par.
1029 3963 1104 4020 Med.
1130 3965 1188 4021 ab
1214 3963 1304 4036 Neap.

279 4049 332 4102 232
353 4049 450 4100 tonsas
465 4050 529 4099 ante
544 4045 684 4103 Columna.
712 4054 821 4104 tusante
835 4049 906 4105 labra
932 4057 1098 4121 tonsamque
1113 4048 1213 4106 Ounno
1230 4048 1346 4105 Emcnd.

239 4126 258 4182 1
272 4134 315 4186 10.
347 4134 457 4184 tonsam
473 4135 535 4185 ante
551 4129 678 4204 Scaliger
692 4133 771 4204 apstd
782 4131 929 4190 Merulam.
953 4141 1060 4190 tonsam
1076 4141 1134 4190 arte
1151 4133 1263 4190 Merula

279 4215 332 4269 235
354 4214 451 4284 poste]
476 4212 515 4285 cf.
543 4214 706 4274 Rr'tsclteliuc
728 4216 803 4274 Mus.
827 4217 926 4289 pltt'lol.
958 4217 1018 4276 VII
1036 4221 1086 4278 56⁷
1192 4224 1245 4280 236
1273 4219 1348 4275 exim

238 4295 346 4352 Festus.
377 4297 415 4370 cf.
434 4297 599 4356 Bitscltelnn
617 4304 636 4358 l.
658 4303 676 4357 l.
695 4319 729 4374 p.
740 4305 792 4361 475
814 4301 893 4360 VIII
904 4309 970 4369 158.
993 4303 1190 4360 bethmannus
1210 4305 1250 4362 od
1262 4304 1348 4360 Lacr.
