2984 5032
187 447 252 494 v111
620 431 870 491 PRAEFATIO

187 597 363 666 adornatus
391 595 529 684 prodiit,
559 617 643 682 quae
672 601 706 660 et
731 593 805 662 aliis
831 591 1017 658 nominibus
1038 591 1186 678 requiras
1207 596 1241 655 et
1262 589 1298 654 in

188 737 288 805 opera
306 714 411 802 qualis
430 714 512 780 haec
531 721 581 778 est
601 712 719 778 acerbe
739 711 930 778 desideres?
952 711 1016 781 Vel
1032 709 1200 792 Ciceroni,
1222 708 1299 774 licet

187 832 282 900 multi
305 831 443 898 multum
469 831 581 896 uariae
608 852 706 895 curae
733 829 914 912 attulerint,
942 828 1025 894 illud
1046 850 1088 892 ne
1109 827 1207 892 hodic
1224 827 1298 913 .qui·
1325 814 1328 818 ’

190 952 265 1018 dem
290 950 460 1038 quisquam
486 949 662 1035 praestitit,
696 947 784 1034 quod
812 955 888 1013 ante
910 948 1019 1012 omnia
1044 946 1107 1012 fuit
1133 954 1299 1032 praestan·

191 1069 283 1136 dum:
312 1091 374 1134 nec
402 1088 440 1132 eo
466 1065 568 1131 multo
595 1065 712 1130 melius
741 1065 846 1131 habiti
872 1073 948 1130 sunt
971 1087 989 1130 e
1014 1065 1300 1150 grammaticorum

190 1187 287 1252 turba
303 1185 495 1274 superstites
513 1191 641 1250 tantum
654 1205 721 1248 non
739 1204 862 1248 omnes.
898 1181 965 1248 Sed
980 1205 1092 1248 comm
1106 1183 1300 1269 scriptorum

189 1326 300 1370 rumor
321 1311 378 1370 aut
399 1304 518 1368 certior
539 1302 627 1366 fama
646 1302 771 1390 parari,
803 1300 916 1388 quales
941 1301 1109 1386 significo,
1139 1301 1299 1366 editiones

190 1419 332 1488 serebat:
361 1443 498 1509 quarum
516 1421 624 1505 dotes,
646 1442 688 1484 ne
710 1421 745 1484 in
765 1419 984 1484 festinationis
1006 1418 1136 1507 culpam
1155 1420 1298 1482 incurre-

190 1561 274 1622 rem,
298 1513 489 1626 exspectare
501 1539 677 1623 debebam,
700 1538 766 1603 nisi
782 1539 973 1624 contigisset
987 1537 1067 1604 mihi
1079 1559 1175 1604 usum
1190 1558 1301 1602 earum

192 1659 285 1745 quasi
312 1659 501 1744 anticipare.
553 1657 627 1722 Hoc
649 1657 735 1721 enim
764 1656 868 1721 debeo
896 1655 1037 1720 eximiae
1059 1654 1300 1721 beniuolentiae

191 1775 398 1859 egregiorum
417 1777 579 1858 uirorum,
613 1776 670 1862 qui
690 1775 1020 1860 manuscriptorum,
1052 1796 1133 1863 quos
1156 1773 1301 1861 posside-

191 1899 279 1974 rent,
310 1891 480 1958 thesauros
502 1892 681 1958 liberaliter
703 1892 906 1958 recluserunt
926 1892 1007 1958 mihi
1032 1901 1064 1958 et
1083 1893 1192 1958 Ennio
1218 1913 1302 1956 meo.

106 2043 109 2048 ·
192 2009 237 2074 Et
257 2009 418 2076 Macrobii
440 2011 571 2099 quidem
593 2009 819 2076 Saturnalibus
844 2019 913 2075 tum
928 2011 1080 2076 nondum
1106 2011 1195 2076 foras
1218 2010 1303 2075 datis

191 2127 396 2195 Lvnovlovs
418 2129 542 2213 leuva,
572 2151 708 2217 quarum
729 2151 808 2196 usus
831 2128 929 2212 foret,
962 2127 1109 2216 pagellas
1131 2131 1219 2218 typis
1248 2151 1303 2194 ex·

190 2267 321 2336 pressas
350 2247 393 2312 ad
420 2269 473 2312 mc
501 2248 691 2313 transmisit.
735 2247 789 2312 Ad
820 2248 977 2312 Varronis
1005 2245 1094 2314 locos
1119 2247 1304 2313 Florentini

193 2363 270 2429 libri
290 2365 400 2430 uarias
420 2364 576 2430 lectiones
596 2365 811 2430 Lnosnmvs
831 2363 1050 2432 snnaonnvs
1074 2389 1117 2432 ex
1138 2389 1186 2449 ea,
1208 2389 1304 2453 quam

193 2482 299 2548 denuo
320 2481 484 2548 Henricus
497 2484 626 2550 Keilius
648 2484 890 2548 accuratissime
912 2482 1005 2567 fecit,
1027 2484 1211 2552 conlatione
1232 2506 1305 2550 mea

192 2601 299 2684 gratia
324 2591 500 2689 excerpsit.
545 2603 654 2691 Ipsius
681 2609 789 2666 autem
810 2601 932 2666 Knlnn
959 2603 1106 2669 comitati
1137 2577 1304 2691 acceptam

192 2719 318 2802 refero,
346 2741 444 2806 quam
470 2743 488 2785 e
516 2721 677 2785 minorum
705 2720 1004 2804 grammaticorum,
1037 2719 1194 2804 Charisii,
1224 2721 1304 2787 Dio-

191 2836 313 2918 medis,
351 2836 491 2921 Donati,
530 2838 628 2903 Marii
658 2837 837 2922 Victorini,
878 2837 1094 2923 Cassiodorii,
1136 2840 1305 2906 codicibus

193 2956 373 3041 scripturae
405 2955 657 3043 discrepantiam
691 2955 836 3021 exhibui.
892 2956 1020 3023 Gellius
1051 2966 1084 3024 et
1114 2959 1305 3024 Priscianus

192 3081 346 3160 quantam
376 3083 503 3160 partem
534 3075 635 3141 Ennii
665 3075 877 3162 reliquiarum
905 3076 1089 3160 continent,
1127 3099 1199 3142 eam
1228 3077 1308 3141 mihi

105 3168 107 3170 Ι
193 3191 342 3256 codicum
364 3193 803 3278 copiisMAarlanaRuan
824 3194 986 3258 instrucre
1007 3194 1109 3260 licuit.
1153 3194 1305 3260 ENonii

193 3309 278 3376 libro
300 3309 554 3396 Bambergensi,
585 3313 677 3377 cuins
707 3313 823 3377 mutila
850 3311 948 3378 hodie
976 3313 1119 3378 conditio
1146 3314 1303 3400 plurimos

193 3429 295 3492 Ennii
317 3449 446 3515 quoque
468 3451 583 3494 uorsus
606 3429 784 3516 absorpsit,
810 3440 957 3515 tenuem,
988 3453 1085 3520 quam
1106 3432 1150 3496 ad
1171 3432 1306 3497 annales

192 3545 387 3635 praebebat,
414 3548 595 3635 scripturae
621 3549 815 3614 uarietatem
838 3549 973 3614 (lencm
995 3549 1130 3614 Hn'nnll
1159 3551 1308 3636 benigni-

193 3674 260 3730 tate
281 3665 410 3752 accepi:
444 3687 483 3730 eo
504 3688 584 3732 uero
607 3667 750 3753 largiora
774 3677 807 3733 et
828 3667 1051 3754 splendidiora
1070 3670 1114 3734 ad
1138 3669 1308 3734 Ciceronis

194 3783 283 3849 locos
311 3782 458 3847 subsidia
486 3785 632 3850 eiusdem
653 3785 717 3849 uiri
737 3786 1008 3872 praestantissimi
1029 3788 1168 3852 eximiae
1189 3785 1307 3851 libera·

194 3901 279 3966 litati
311 3900 481 3968 debentur.
546 3902 673 3984 Quibus
705 3903 869 3966 Asnaum
902 3904 1143 3970 ancxnrsnur
1176 3903 1309 3970 accede-

192 4022 250 4087 bat
281 4020 324 4092 arl
355 4021 514 4088 Catonem
542 3997 699 4088 maiorem
733 4029 909 4108 apparatus
941 4022 1151 4088 lautissimus.
1206 4023 1311 4088 Porro

194 4137 404 4225 Ilbergius
431 4142 467 4206 in
496 4141 613 4206 itinere
642 4139 825 4206 Oassellani
853 4141 976 4208 codicis
1004 4139 1112 4207 Seruii
1139 4149 1265 4228 partem
1287 4163 1308 4204 a

194 4257 341 4343 Bergkio
362 4280 428 4324 non
450 4259 572 4324 editam
593 4260 736 4348 inspexit
757 4259 902 4346 mihique
925 4282 1009 4348 quae
1033 4258 1085 4324 his
1109 4258 1237 4324 laciniis
1266 4259 1310 4324 ad

194 4375 349 4441 Ennium.
377 4376 626 4472 continebantur
664 4379 892 4444 commodarit.
949 4378 1102 4465 Denique
1136 4379 1309 4465 antiquam
