3112 5040
609 413 849 519 anu'rcvmn
945 494 948 501 ,

684 617 782 688 XXX

277 779 284 794 .
465 777 472 792 .
527 777 535 792 .
588 721 687 792 terrai
708 719 881 811 frugiferai

186 972 249 1033 480
275 960 357 1031 Cum
376 962 466 1032 soles
485 954 617 1032 tandein
635 855 967 1052 laiiriiriiongiscerc
993 953 1096 1044 longe

666 1095 792 1165 XXXII

277 1252 661 1270 .......
714 1198 871 1289 uiresque
893 1193 1043 1263 ualentes

277 1301 433 1372 Contudit
455 1301 597 1372 crudelis
619 1302 747 1391 hiemps

278 1520 410 1614 Optima
428 1521 619 1592 caelicolum
635 1416 931 1606 sitiiiiilmagna
949 1509 1099 1580 dearum!
1151 1519 1154 1526 '

173 1725 209 1773 VI
224 1723 241 1774 6
258 1725 316 1772 ‘cur
327 1723 424 1772 autem'
442 1721 537 1786 (lulius
550 1718 672 1788 Higinus)
688 1722 754 1769 ‘non
767 1717 805 1776 Q!
819 1715 869 1783 (B.
886 1709 960 1776 Vat.)
986 1715 1102 1774 ‘quoque
1116 1707 1227 1758 Ennium
1247 1720 1288 1754 re·

93 1793 98 1801 '
172 1792 308 1859 prehendit
323 1792 366 1854 qui
381 1792 408 1839 iu
421 1791 555 1850 annalibus
571 1805 621 1841 non
635 1805 734 1856 pennas
747 1787 869 1844 Daedali,
889 1782 1024 1846 sediouge
1041 1778 1169 1829 diuersius
1183 1776 1286 1825 Brun-

173 1863 312 1922 dusium,
332 1861 422 1924 inquit,
441 1861 571 1924 pulcro*
585 1875 608 1910 e.
617 1877 641 1924 q.
650 1875 671 1908 s.
695 1859 807 1924 (Desunt
820 1857 846 1906 iu
860 1853 917 1903 Par.
932 1849 1050 1900 Bottend.
1067 1847 1101 1897 cl.
1113 1849 1124 1896 l
1137 1845 1169 1895 ir.
1180 1844 1250 1894 LVII

207 1932 375 1981 diuersius
396 1929 597 1993 Braundisiri
615 1929 692 1992 quid
706 1929 764 1978 Vat.
786 1922 951 1976 diuersius
971 1917 1183 1969 Brundusium
1202 1913 1284 1977 quid

172 2004 231 2052 Vat.
254 1999 329 2052 1532.
351 1999 515 2051 diuersius
538 1999 615 2062 quid
639 1999 714 2066 (siue
733 1993 835 2062 quod)
857 1991 977 2044 Brund.
1005 1989 1118 2038 iuniores
1137 1983 1212 2035 codd.
1235 1982 1285 2032 di-

171 2071 312 2122 uersius:
337 2067 548 2128 QuidBruud.
567 2065 723 2132 Gronouius)
759 2066 830 2116 Idem
849 2063 919 2112 IXI
944 2063 1017 2108 ‘cum
1036 2055 1171 2107 eGraecia
1190 2053 1216 2102 iu
1234 2053 1285 2100 Ita-

172 2142 233 2190 liam
248 2139 388 2190 rediremus
407 2147 432 2188 et
445 2138 617 2189 Brundusium
631 2139 726 2188 iremus
746 2136 894 2202 egressique
912 2129 1001 2180 enaui
1018 2127 1045 2175 in
1060 2133 1153 2176 terram
1168 2124 1193 2172 in
1210 2129 1284 2187 portu

172 2210 217 2260 illo
243 2210 330 2258 inclito
356 2209 539 2273 spatiaremur‚
571 2223 646 2272 quem
668 2207 697 2266 Q.
720 2206 816 2256 Ennius
841 2201 976 2253 remotiore
1001 2195 1106 2262 paulurn
1129 2193 1175 2244 sed
1195 2191 1284 2242 admo-

173 2281 233 2330 dum
254 2279 318 2328 scito
336 2278 461 2327 uocabulo
483 2285 667 2343 praepetem
690 2274 844 2342 appellauit,
868 2272 951 2323 iasces
972 2267 1108 2317 librorum'
1134 2281 1156 2314 e.
1178 2278 1203 2325 q.
1225 2275 1246 2310 s.

205 2348 282 2397 XXX
304 2347 435 2398 Charisius
454 2349 464 2396 Ι
484 2363 510 2413 p.
526 2347 542 2397 7
561 2347 589 2396 Ρ.
609 2346 639 2414 (9
653 2343 744 2407 Lind.)
760 2341 829 2410 (ai)
849 2341 947 2391 ‘adhuc
964 2352 1059 2387 morem
1079 2350 1134 2384 esse
1155 2331 1238 2397 poetis
1257 2329 1283 2377 in

172 2419 258 2468 datiuo
279 2433 353 2477 casu,
372 2425 399 2466 ut
419 2417 487 2467 aulai
507 2417 534 2465 in
555 2417 639 2466 medio
653 2415 798 2480 Vergilius,
819 2411 920 2461 terrai
939 2405 1119 2471 frugiferai
1140 2401 1236 2450 Ennius
1258 2399 1284 2446 in

172 2488 324 2538 annalibus!
352 2486 474 2537 claudius
495 2485 620 2534 Sacerdos
640 2487 650 2532 Ι
670 2500 696 2550 p.
715 2483 750 2533 26
767 2481 842 2532 Endl.
874 2477 1013 2528 ‘diaeresis
1120 2479 1146 2518 ut
1165 2469 1238 2518 aulae
1257 2467 1284 2516 in

171 2558 270 2617 medio,
290 2564 314 2606 et
326 2555 457 2622 fragae,
482 2555 551 2603 aulai
571 2563 596 2602 et
616 2553 717 2618 frugaiss
748 2548 952 2617 (frugiferae
970 2584 975 2596 .
994 2539 1172 2607 frugiferai
1186 2537 1284 2586 Vindo-

171 2624 312 2689 bonenses)
363 2626 476 2674 Incertus
495 2623 528 2673 de
543 2637 611 2672 nom.
628 2630 652 2672 et
666 2636 739 2687 pron.
761 2619 851 2686 (Anal.
865 2615 977 2666 Vindob.
992 2629 1018 2678 p.
1038 2607 1100 2673 127)
1127 2611 1201 2658 ‘nam
1219 2606 1284 2672 legi-

172 2710 228 2745 mus
241 2695 311 2760 apud
324 2693 469 2744 Lucretium
481 2700 506 2742 et
522 2692 663 2758 Vergilium
683 2690 790 2740 terrai
810 2684 997 2753 frugelerai
1018 2696 1064 2748 pro
1079 2687 1161 2729 terrae
1177 2673 1284 2741 frugile-

172 2779 216 2814 rae
234 2773 258 2814 et
278 2763 347 2813 aulai
364 2763 449 2812 medio
472 2777 518 2827 pro
540 2761 632 2811 arliae)
661 2760 819 2827 (Lucretium
837 2755 1019 2823 grammaticus
1039 2751 1114 2815 lapsu
1134 2760 1180 2814 pro
1201 2745 1283 2795 Ennio

172 2834 317 2884 nominasse
335 2832 437 2883 uidetur
450 2832 474 2880 J.
490 2832 603 2880 Becker-0
622 2831 714 2880 Philol.
732 2826 818 2892 1155)
835 2825 959 2876 Martialis
973 2823 1062 2888 Epigr.
1082 2819 1118 2868 XI
1132 2815 1176 2877 90,
1190 2817 1206 2866 5
1232 2817 1283 2863 ‘at—

172 2903 318 2965 tonitusque
332 2902 403 2968 leges
422 2902 526 2951 terrai
545 2899 737 2966 frugiferai,
764 2899 848 2947 Attius
868 2903 892 2946 et
906 2892 1031 2956 quidquid
1046 2889 1223 2949 Pacuuiusque
1238 2897 1284 2933 uo-

172 2973 261 3022 munt!
294 2973 385 3020 Incerti
401 2972 492 3020 artium
509 2977 643 3035 grammat.
659 2968 751 3034 fragm.
773 2967 863 3033 (Auel.
878 2964 989 3014 Vindob.
1004 2976 1031 3026 p.
1046 2957 1094 3022 84)
1114 2958 1188 3006 ‘item
1200 2953 1285 3004 adhuc

172 3057 229 3092 csse
246 3056 343 3091 morem
356 3042 439 3106 poetis
452 3041 479 3089 in
492 3039 579 3089 datiuo
593 3039 661 3088 aulai
675 3039 759 3088 medie
773 3038 858 3087 dicere
872 3043 896 3084 et
913 3035 1005 3082 intus
1023 3027 1121 3092 aquai
1141 3023 1283 3091 frugile-

173 3113 220 3162 rai
234 3113 330 3161 Ennius
349 3113 374 3160 in
394 3109 547 3160 annalibus)
575 3110 639 3158 Hinc
652 3122 702 3159 uon
716 3122 810 3158 nouum
823 3105 905 3155 Ennio
920 3100 1066 3168 poemation
1080 3095 1200 3146 subnasci
1218 3092 1284 3142 uidit

171 3181 335 3244 anacletus
350 3180 367 3229 l.
381 3195 402 3230 s.
426 3179 527 3244 Quippe
542 3179 630 3228 intus
644 3179 743 3241 aquai
759 3175 867 3241 Vergilii
883 3181 920 3224 cst
933 3172 1013 3237 (Aen.
1022 3165 1129 3218 1111464
1141 3165 1174 3214 ci.
1186 3163 1283 3211 Probus

172 3269 198 3317 p.
219 3250 286 3303 1438
305 3252 333 3300 P.
357 3249 392 3300 99
409 3247 514 3312 Lina),
540 3249 612 3297 cuius
631 3263 723 3298 nomeu
744 3261 801 3296 curn
823 3245 937 3293 Enniano
958 3238 1057 3289 terrai
1080 3234 1208 3286 excidisse
1225 3238 1284 3296 post

172 3319 469 3386 aquaiprobabileest
538 3317 625 3367 XXXI
644 3317 741 3366 Nouius
756 3332 783 3382 p.
801 3311 906 3374 134,1o
934 3308 1153 3373 ‘longiacere‚
1179 3302 1283 3365 longum
1321 3329 1329 3340 .

153 3391 227 3440 ilari
246 3391 287 3440 uel
308 3389 434 3455 frangere.
461 3389 558 3437 Ennius
576 3388 621 3436 lib.
640 3387 725 3436 XVll:
747 3383 832 3451 [Vll];
857 3383 938 3431 idem:
963 3378 1034 3428 cum’
1054 3391 1076 3426 e.
1097 3389 1122 3436 q.
1139 3387 1161 3422 s.
1193 3370 1285 3437 (lan-

173 3461 319 3525 giscere‚
349 3458 541 3523 languidum
557 3457 635 3506 lieri
649 3457 703 3506 uel
724 3455 834 3520 frangi
849 3452 896 3502 Th.
914 3445 1028 3516 Hugius)
1098 3442 1197 3492 XXXII
1216 3441 1284 3490 Pris-

174 3531 262 3598 cianus
275 3527 299 3576 X
313 3543 339 3593 p.
349 3527 399 3578 891
414 3528 441 3576 Ρ.
462 3528 487 3590 (1
501 3542 528 3592 p.
539 3526 590 3577 492
600 3524 645 3589 K.)
666 3525 847 3576 ‘uetustissimi
859 3530 944 3572 tamen
956 3528 1008 3569 tam
1020 3513 1195 3583 producebant
1208 3525 1284 3574 quam

175 3597 346 3662 corripiebant
359 3595 500 3660 supradicti
518 3597 604 3653 uerbi,
629 3596 657 3644 id
672 3603 710 3644 est
723 3595 818 3652 tutudi,
839 3591 1014 3658 penultimam.
1044 3584 1140 3634 Ennius
1154 3582 1180 3630 in
1195 3579 1283 3630 Xllll:

176 3666 259 3733 [Vlll]
280 3682 338 3715 ecce
357 3665 400 3714 hic
418 3665 550 3729 corripuit.
582 3665 652 3713 ldem
667 3665 692 3712 iu
708 3664 782 3712 xvi:
803 3659 876 3726 [111];
907 3659 976 3708 idem
993 3658 1020 3706 in
1036 3652 1184 3703 annalibus:
1203 3651 1285 3698 uires-

174 3738 236 3800 quc'
261 3751 284 3784 c.
300 3751 324 3797 q.
341 3749 363 3784 s.
391 3734 448 3783 ‘hic
468 3733 590 3798 produxit
609 3733 794 3797 penultimam.'
821 3731 873 3796 (in
892 3725 1068 3777 annalibus
1087 3735 1137 3769 om.
1155 3715 1250 3783 Sang.)

211 3805 323 3855 XXXIII
342 3803 488 3854 Priscianus
500 3802 574 3852 XVII
587 3817 614 3867 p.
631 3801 697 3853 1103
712 3803 740 3850 Ρ.
754 3801 792 3866 (ll
807 3815 833 3866 p.
847 3797 881 3849 89
893 3795 939 3860 II.)
964 3799 1024 3860 ‘per
1038 3789 1151 3856 species’
1171 3787 1285 3854 (natitant
1314 3785 1316 3792 '
1349 3809 1356 3824 ι

173 3979 316 4053 palnatum
330 3976 413 4055 ppete
436 3979 497 4038 Vct.
584 3983 681 4052 portus
700 3975 761 4031 Vct.
776 3974 930 4030 alieniores
943 3969 1008 4040 olr'q.
1025 3966 1096 4022 libri.
1111 3969 1193 4036 portu
1203 3963 1286 4034 uulgo

280 4071 334 4126 480
354 4069 430 4124 soles
451 4066 575 4133 tandem]
598 4065 659 4120 sola
673 4067 716 4116 est
735 4060 835 4116 eadem
850 4057 921 4114 libri.
943 4056 1018 4110 soles
1038 4057 1129 4106 terras
1153 4046 1204 4104 Tit.
1225 4047 1285 4104 Hu-

174 4177 235 4248 cius
321 4174 425 4229 sacient
446 4173 524 4228 Laid.
551 4152 656 4227 iacirint
685 4167 723 4223 W
804 4163 962 4234 langiseere
991 4156 1041 4213 Ta.
1064 4153 1180 4236 ‚Hagios

176 4264 226 4321 481
245 4253 424 4331 uirebiesque
439 4257 526 4331 Scap.
629 4257 683 4313 482
697 4249 830 4324 credulus
843 4245 986 4303 Halberst.
1070 4240 1180 4311 hiemps
1195 4239 1283 4294 Baro.

176 4343 268 4400 biems
282 4345 368 4400 ceteri
