3112 5040
672 397 907 460 ANNALlVM

338 565 438 636 Marci
457 567 545 638 filius

402 723 410 739 .
463 671 492 740 is
516 671 637 742 dictust
655 671 729 742 ollis
749 671 964 762 popularibus
986 673 1063 744 olim

340 771 402 855 Qui
421 776 491 844 tum
508 775 663 844 uiuebant
685 775 835 844 homines
854 779 953 868 atque
974 799 1093 846 aeuum
1114 779 1283 869 agitabant

339 874 418 944 Flos
437 877 598 947 delibatus
616 877 730 969 populi
750 878 940 971 suadaeque
960 880 1112 950 medulla.

761 1019 797 1088 ‘V
812 1018 830 1056 'l‘

251 1142 312 1204 310
339 1133 486 1204 Nauibus
507 1135 684 1227 explebant
706 1158 786 1241 sese
804 1139 975 1230 terrasque
995 1137 1174 1230 replebant.

728 1280 799 1348 -vl
813 1279 829 1316 *

338 1393 453 1464 Airita
470 1392 605 1464 terribili
625 1397 733 1464 tremit
751 1396 884 1466 horrida
900 1399 990 1464 terra
1006 1392 1148 1463 tumultu

236 1601 290 1642 tum
310 1591 348 1640 illi
371 1592 488 1642 homines
512 1591 599 1640 liorem
620 1592 710 1656 populi
734 1605 791 1642 esse
816 1594 945 1645 dixerant.
980 1585 1169 1654 Suadaeque
1192 1590 1345 1644 medulla.

237 1653 336 1710 Πειθώ
355 1677 431 1724 quam
444 1670 535 1710 uocant
548 1662 652 1720 Graeci,
670 1663 743 1710 euius
757 1662 860 1712 effector
874 1671 912 1712 est
927 1669 1024 1722 orator,
1047 1662 1112 1710 hanc
1131 1662 1238 1712 suadem
1256 1661 1347 1728 appel-

237 1732 300 1780 lauit
311 1732 425 1790 Ennius;
451 1732 506 1780 eius
519 1738 603 1780 antem
618 1730 757 1796 Cethegum
775 1732 913 1782 medullam
932 1731 1013 1781 fuisse
1032 1731 1087 1779 uult
1195 1738 1220 1780 at
1238 1731 1281 1779 lria
1300 1731 1347 1780 Ce-

236 1801 328 1865 thegus
348 1799 436 1849 consul
454 1815 511 1850 eum
524 1801 552 1849 P.
568 1800 694 1850 Tuditano
707 1799 755 1849 fuit
773 1803 840 1851 bello
855 1803 949 1852 Punico
964 1801 1075 1852 seeundo
1096 1833 1149 1850 ....
1172 1809 1197 1850 et
1214 1801 1242 1849 id
1260 1802 1346 1866 ipsum

236 1869 287 1920 nisi
299 1870 375 1918 unius
394 1877 461 1919 esset
473 1870 549 1918 Ennii
565 1870 709 1919 testimonio
725 1872 869 1936 cognitum,
891 1871 959 1919 hune
970 1877 1098 1930 uetustas,
1118 1879 1145 1918 ut
1159 1871 1223 1919 alios
1237 1869 1346 1919 fortasse

236 1939 344 1998 multos,
363 1939 492 1988 obliuione
511 1939 655 1988 obruisset’
687 1938 858 1997 Quintilianus
871 1941 908 1990 Xl
921 1939 947 2000 3,
963 1939 993 1990 31
1016 1944 1090 1988 ‘nam
1102 1941 1174 1994 sonis
1188 1940 1304 1989 homines
1318 1947 1346 1989 ut

182 2059 184 2064 ,
237 2025 297 2058 aera
315 2009 408 2058 tinnitu
422 2009 605 2074 dignoscimus.
638 2010 675 2057 lta
689 2009 731 2058 liet
744 2010 809 2060 illud
823 2010 891 2073 quod
905 2010 1001 2059 Ennius
1014 2009 1106 2074 probat
1125 2024 1182 2058 cum
1195 2010 1258 2058 dicit
1271 2025 1345 2058 sua-

230 2078 426 2140 uiloquenti
444 2093 498 2127 ore
517 2077 693 2143 Cethegum
711 2079 810 2130 fuisse!
839 2079 937 2130 Gellius
951 2077 1026 2128 xus
1046 2079 1088 2127 ‘ln
1107 2078 1172 2128 libro
1190 2079 1257 2128 enim
1277 2080 1345 2128 uice-

236 2149 301 2198 simo
320 2148 432 2197 secundo
448 2147 616 2212 epistularum
635 2147 769 2198 moralium
789 2165 852 2212 quas
867 2150 901 2200 ad
917 2148 1045 2198 Lucilium
1063 2149 1219 2214 composuit’
1237 2148 1283 2214 (A.
1300 2147 1345 2198 Se-

230 2215 313 2281 neca)
327 2217 499 2267 ‘deridiculos
514 2231 603 2266 uersus
619 2215 647 2275 Q.
660 2218 768 2267 Ennium
782 2218 814 2268 de
828 2219 952 2284 Cethego'
970 2217 1084 2284 (decet
1099 2231 1156 2283 ego
1170 2219 1246 2267 Bern.
1260 2217 1343 2283 Lugd.

237 2288 301 2353 lieg.
322 2287 359 2336 de
373 2294 484 2351 cetego
499 2301 563 2336 eorr.
578 2286 669 2350 Bern.)
700 2289 818 2350 ‘antiquo
837 2290 893 2337 uiro
916 2287 1009 2337 iecisse
1026 2287 1074 2336 hos
1094 2287 1170 2336 dicit:
1194 2287 1217 2336 is
1235 2287 1343 2336 dictust'

237 2372 260 2410 e.
281 2373 306 2420 q.
327 2372 348 2406 s.
387 2361 430 2405 ‘ac
451 2356 544 2406 deinde
562 2355 652 2404 scribit
671 2356 703 2406 de
726 2357 818 2406 iisdem
836 2357 954 2407 uersibus
968 2357 1049 2406 uerba
1064 2356 1141 2406 haec:
1166 2357 1278 2406 admiror
1293 2357 1345 2406 elo-

237 2427 417 2488 quentissimos
434 2427 504 2475 uiros
521 2432 546 2475 et
561 2425 662 2474 deditos
680 2427 762 2476 Ennio
781 2441 828 2492 pro
848 2428 951 2492 optimis
969 2425 1078 2475 ridicula
1096 2425 1224 2475 laudasse.
1257 2427 1344 2476 Cicero

237 2505 304 2546 certe
322 2498 387 2546 inter
399 2497 480 2546 bonos
498 2497 556 2546 eius
573 2509 665 2544 uersus
678 2504 703 2544 et
716 2496 762 2546 hos
776 2497 870 2546 relert.’
897 2495 1003 2546 Seruius
1016 2497 1042 2543 in
1055 2497 1119 2547 Aen.
1134 2495 1195 2544 Vlll
1209 2496 1261 2545 500
1284 2495 1344 2544 ‘llos

234 2574 362 2616 ueterum:
377 2566 536 2614 Ennianum!
561 2564 649 2614 Cicero
663 2565 717 2614 Cat.
730 2567 790 2616 mai.
808 2567 849 2626 14,
860 2566 893 2618 50
913 2565 961 2614 ‘M.
973 2579 1035 2614 uero
1042 2564 1180 2629 Cethegum
1190 2579 1265 2627 quem
1278 2573 1345 2614 recte

236 2636 356 2685 suadae
369 2634 542 2684 medullam
557 2635 622 2683 dixit
634 2634 748 2685 Ennius!
775 2635 945 2693 Quintilianus
958 2636 982 2684 ll
997 2635 1038 2694 io,
1053 2635 1070 2683 4
1087 2632 1240 2700 (isocrates)
1255 2634 1344 2683 ‘linem

179 2724 183 2733 ¹
236 2706 404 2756 artistemere
418 2703 622 2768 comprehendit,
642 2703 730 2753 dicens
749 2720 805 2762 esse
818 2705 960 2756 rhetoricen
975 2703 1147 2768 persuadendi
1166 2703 1298 2768 opificem,
1318 2704 1345 2751 id

236 2783 274 2824 est
289 2768 411 2829 πειθοῦς
426 2765 617 2836 ὃημιουρνόνς
640 2787 722 2836 neque
739 2775 807 2823 enim
821 2774 885 2824 mihi
903 2773 1064 2838 permiserim
1079 2773 1168 2822 eadem
1181 2774 1218 2822 uti
1233 2772 1345 2822 declina-

235 2845 304 2892 tione
319 2857 369 2904 qua
380 2844 477 2892 Ennius
495 2843 529 2891 M.
544 2842 683 2906 Cethegum
703 2844 822 2894 suadae
841 2842 1017 2893 medullam
1036 2843 1128 2894 uocat!
1200 2844 1223 2892 V
1239 2841 1344 2892 Seruius

235 2913 261 2962 10
274 2913 337 2961 Aen.
353 2913 388 2960 Vl
402 2913 453 2962 545
477 2912 603 2976 ‘explebo
618 2920 655 2960 est
667 2913 788 2962 minuam.
819 2929 879 2962 nam
891 2913 926 2962 ait
938 2913 1049 2962 Ennius:
1069 2913 1192 2961 nauibus’
1211 2928 1234 2962 e.
1248 2927 1273 2974 q.
1287 2927 1308 2960 s.

269 2983 304 3030 Vl
323 2981 413 3046 Festus
428 2995 454 3046 p.
472 2978 519 3031 153
534 2979 566 3030 Μ.
588 2983 759 3045 ‘metonymia
772 3019 778 3030 .
789 3019 795 3032 .
807 3019 812 3032 .
824 3018 831 3031 .
843 2991 872 3031 ut
884 2981 981 3032 Ennius
996 2997 1053 3030 cum
1067 2982 1114 3030 ait:
1129 2981 1229 3030 Africa·
1243 2997 1267 3034 e.
1283 2997 1307 3043 q.
1322 2996 1342 3031 s.

236 3051 323 3102 Cicero
344 3049 412 3100 Orat.
433 3051 475 3110 27,
494 3047 529 3102 93
554 3049 639 3112 ‘quod
658 3065 811 3114 quamquam
829 3051 1005 3100 transferendo
1029 3049 1071 3110 fit,
1097 3058 1181 3101 tamen
1199 3049 1250 3100 alio
1267 3051 1343 3100 modo

234 3120 376 3181 transtulit,
395 3136 452 3170 cum
466 3120 532 3169 dixit
544 3120 654 3170 Ennius:
680 3135 739 3170 arce
751 3129 775 3171 et
788 3122 851 3172 urbe
864 3121 927 3170 orba
939 3135 1010 3179 sum;
1034 3119 1084 3178 0110
1097 3119 1184 3182 modo,
1202 3121 1225 3171 si
1238 3135 1285 3186 pro
1298 3135 1344 3186 pa-

234 3192 283 3240 tria
301 3206 386 3242 arcem
406 3191 528 3250 dixisset;
564 3198 588 3240 et
606 3189 771 3240 horridam
792 3190 935 3240 Africam
961 3189 1108 3239 terribili
1133 3198 1271 3240 tremere
1294 3199 1344 3238 tu-

234 3261 335 3310 multu
356 3276 413 3310 eum
429 3259 506 3320 dicit,
530 3275 577 3324 pro
591 3259 661 3308 Afris
676 3261 783 3310 inmutat
796 3260 936 3311 Africam.'
971 3259 1042 3310 idem
1060 3257 1092 3308 de
1106 3268 1169 3312 orat.
1186 3260 1277 3319 11142,
1296 3259 1343 3310 167

234 3334 282 3380 ‘ue
301 3329 347 3378 illa
359 3330 462 3393 quidem
476 3330 601 3378 traductio
616 3338 691 3392 atque
711 3330 843 3380 inmutatio
861 3331 886 3379 in
906 3329 984 3379 uerbo
1005 3327 1133 3391 quandam
1150 3329 1342 3392 fabricationem

233 3399 310 3448 babet
331 3398 432 3464 [sedin
453 3397 590 3462 orationeJ:
624 3397 723 3447 Airiea’
748 3415 769 3449 e.
788 3415 813 3462 q.
833 3416 855 3450 s.
889 3404 950 3464 ‘pro
970 3397 1041 3449 Afris
1059 3407 1097 3448 est
1115 3407 1218 3463 sumpta
1235 3398 1342 3448 Africa!

234 3467 427 3536 (DeestinErl.
443 3465 471 3529 0)
503 3467 574 3516 ldem
594 3468 628 3516 ad
649 3468 718 3518 Fam.
735 3469 772 3518 lX
790 3471 844 3529 7,2
871 3469 933 3520 ‘sed
950 3468 1060 3520 ridicula
1077 3468 1171 3528 missa;
1191 3469 1342 3534 praesertim

233 3553 291 3588 cum
306 3538 340 3588 sit
352 3537 416 3588 nihil
429 3537 497 3600 quod
509 3537 651 3588 rideamus:
670 3536 769 3588 Africa'
783 3554 806 3589 e.
818 3554 843 3602 q.
853 3554 874 3590 s.
901 3539 955 3590 Ηο0
972 3539 1028 3590 1000
1046 3539 1133 3606 posuit
1145 3537 1194 3592 Tb.
1209 3539 1308 3604 Hugius

274 3747 326 3803 307
358 3743 382 3799 is
410 3741 512 3798 dictust
537 3743 600 3798 ollis
629 3743 792 3802 Gronovius.
822 3741 913 3798 dicitis
942 3741 1032 3798 dietus
1058 3743 1131 3798 tolbs
1159 3739 1230 3816 1100.
1254 3741 1342 3814 Laod.

232 3829 321 3885 Bern.
344 3828 412 3884 dicit
433 3829 460 3882 10
484 3827 574 3882 dietus
595 3829 668 3883 tollis
692 3828 823 3900 Mupliab.
852 3828 919 3883 dicit
938 3828 983 3882 his
1005 3827 1096 3883 dictus
1123 3827 1235 3883 tolleres
1263 3827 1340 3882 Vasa.

234 3913 333 3970 dicitas
358 3913 448 3968 dietus
475 3913 548 3967 tollis
573 3911 671 3967 Petuu.
698 3905 776 3968 Gellii
805 3911 845 3984 of.
870 3927 970 3983 supra.
1001 3913 1024 3968 is
1050 3912 1157 3979 (110100,
1190 3929 1241 3968 om.
1267 3913 1340 3978 01110,

232 3999 295 4054 libri
315 4001 344 4054 in
365 3999 446 4057 Brut.
552 3999 605 4055 308
633 3996 844 4067 agebantlibri
860 3998 890 4052 in
910 3996 992 4056 Brut.
1019 3997 1059 4070 cf.
1082 3983 1277 4052 Lachmunaas
1305 3997 1343 4051 ad

233 4113 319 4168 Luer.
331 4112 426 4174 11406
532 4118 584 4174 309
600 4076 748 4190 debilitdt’
761 4114 851 4170 Bern.
936 4116 1048 4186 populis
1060 4116 1135 4172 uada
1154 4116 1242 4170 Rem.
1254 4114 1341 4186 1000.

234 4197 305 4269 lieu.
328 4198 426 4254 Petau.
452 4201 549 4271 populi
574 4202 664 4258 suada
688 4197 819 4271 Mayliab.
847 4199 925 4256 Voss.
947 4199 1026 4256 Gellii
1128 4206 1179 4262 311
1210 4201 1341 4256 terribilis

233 4281 345 4338 Amatae.
364 4283 425 4336 Eri.
441 4285 457 4337 b
472 4285 506 4339 de
519 4289 590 4340 orat.
675 4286 772 4340 tremis
788 4284 849 4344 eod.
864 4285 941 4341 neca
