2984 5032
263 483 349 530 uxrv
661 470 973 538 QVAESTIONES

264 647 345 696 aaut
364 641 485 704 mittunt,
508 637 572 691 dum
588 637 712 707 proelio,
734 637 832 692 deinde
853 653 891 716 επ,
912 639 1013 694 taetitia
1038 641 1125 711 epulis
1146 637 1277 710 satipatos
1294 638 1371 710 quies

264 751 399 801 nocturna
418 742 507 796 nostes
524 748 679 811 premeret,
706 749 736 797 ut
757 743 844 798 adse
866 746 1030 799 transirent:
1063 761 1118 798 uno
1144 745 1252 815 apmine
1279 743 1371 797 Canu-

264 853 335 905 sium
362 847 483 902 abintros
510 861 570 900 esse
588 875 630 886 -
648 875 690 884 -
706 845 740 900 P.
762 845 941 917 Sempronius
971 849 1122 903 Tuditanus
1145 847 1269 902 tribunus
1299 847 1373 900 mili-

265 963 320 1010 tum
344 955 422 1024 ‘capi
442 968 507 1023 erpo
529 951 666 1006 mauuttis'
687 953 774 1022 inquit
793 951 841 1006 ‘ab
862 954 1026 1006 auarissimo
1046 957 1073 1006 et
1092 953 1278 1007 crudelissimo
1295 951 1375 1006 noste

265 1091 308 1100 —
327 1091 369 1099 —
388 1059 437 1114 sed
456 1061 601 1128 antequam
630 1057 759 1125 opprimit
784 1057 834 1110 tun
863 1059 1023 1128 maioraque
1048 1057 1164 1112 bostium
1187 1058 1296 1128 aomina
1323 1054 1372 1108 ob-

264 1167 393 1237 saepiunt
419 1167 485 1229 iter,
508 1175 564 1230 per
588 1159 638 1214 bos
665 1161 713 1229 qui
737 1162 888 1215 inordinati
914 1166 994 1232 atque
1019 1162 1190 1231 incompositi
1215 1161 1377 1230 obstrepunt

183 1309 187 1316 -
261 1273 352 1342 portis
367 1266 562 1338 erumpamus’
585 1295 628 1307 —
643 1295 684 1303 ——
704 1264 774 1318 baec
794 1265 841 1319 ubi
854 1264 925 1319 dicta
945 1265 1024 1330 dedit,
1045 1267 1154 1337 strinpit
1170 1264 1291 1336 pladiutn
1301 1265 1393 1316 cun'

264 1389 349 1446 eoque
359 1373 436 1445 facto
445 1388 500 1443 per
514 1372 615 1425 medios
628 1371 706 1426 uadit
717 1369 809 1424 bostis.
833 1364 906 1424 Ilius
928 1364 998 1424 lieet
1019 1366 1121 1425 horum
1144 1385 1277 1426 uersuum
1291 1363 1371 1423 XVI.

265 1475 356 1534 XVII.
373 1471 469 1532 XVIII
490 1491 594 1532 nexum
611 1472 767 1550 dispicere.
812 1470 876 1530 Nec
896 1473 935 1531 ita
950 1471 1120 1532 Incredibile
1144 1483 1188 1532 est
1201 1473 1281 1531 Liuio
1306 1488 1372 1528 eum

167 1653 170 1656 ¹
265 1582 315 1640 illa
346 1587 481 1640 exararet
500 1578 619 1637 annales
638 1577 721 1636 Ennii
746 1578 920 1636 obuersatos
943 1595 1019 1635 esse.
1063 1577 1148 1637 Vnde
1162 1576 1273 1652 Hagios
1295 1573 1372 1634 adeo

266 1686 340 1744 baec
367 1683 474 1742 uerba:
504 1686 573 1740 baec
596 1689 642 1742 ubi
667 1688 739 1742 dicto
766 1689 917 1743 dedit...
943 1685 1043 1754 bostis,
1074 1700 1149 1760 quae
1180 1681 1312 1760 procliue
1341 1679 1371 1735 iu

267 1788 426 1849 hexametri
444 1805 591 1846 numerum
615 1786 821 1863 concederent,
845 1787 954 1846 Liuium
975 1773 1102 1864 a'poeta
1122 1797 1277 1847 mutuatum
1294 1785 1371 1844 arbi-

265 1893 404 1953 trabatur.
450 1890 488 1950 At
515 1891 544 1950 id
563 1893 685 1950 maxime
715 1902 818 1951 cauent
841 1911 905 1952 cnm
933 1891 981 1950 alii
1010 1893 1171 1969 scriptores
1193 1902 1252 1952 tum
1273 1891 1370 1949 Liuius

266 2018 302 2058 ne
335 1996 466 2076 pedestri
506 1997 629 2056 orationi
661 2015 764 2056 uersus
792 1979 982 2056 immisceant:
1021 1997 1118 2056 inultis
1148 1995 1284 2055 excidunt
1311 2011 1369 2052 uon

265 2121 417 2180 numquam
450 2112 498 2162 aut
524 2120 628 2161 uersus
658 2112 706 2162 aut
732 2103 886 2162 simulacra
919 2119 1064 2160 uersuum.
1115 2097 1160 2158 ct.
1192 2098 1369 2158 Boettcheri

264 2207 394 2268 Lexicon
407 2206 556 2266 Taciteum
569 2226 599 2286 p.
611 2205 715 2268 XCVI.
758 2207 798 2266 Vt
816 2207 902 2266 ualde
925 2206 1093 2265 mIrabiliter
1112 2224 1146 2265 ae
1169 2214 1288 2282 praeter
1301 2220 1367 2262 con·

267 2311 446 2372 suetudinem
477 2310 572 2371 Liuius
603 2311 660 2370 hoe
693 2312 760 2371 loco
792 2314 888 2371 sciens
922 2329 956 2370 ac
978 2311 1082 2371 uolens
1112 2313 1226 2388 integra
1262 2318 1367 2388 poetae

265 2418 357 2477 uerba
378 2436 414 2476 ne
436 2416 565 2492 mitigato
586 2415 701 2492 quidem
723 2427 771 2477 aut
793 2418 951 2477 obscurato
973 2433 1092 2475 numero
1116 2418 1143 2475 iu
1166 2433 1246 2474 suam
1272 2431 1367 2472 narra-

265 2523 372 2581 tionem
400 2521 619 2598 adsumpsisset.
665 2520 720 2593 Qut
748 2521 879 2599 quIdem,
908 2521 985 2599 quod
1013 2521 1142 2580 Naeldus
1169 2520 1369 2598 suspicabatur

266 2627 374 2705 Opusc.
403 2625 416 2684 l
443 2644 472 2702 p.
503 2625 579 2700 212,
616 2644 672 2684 uec
692 2643 755 2684 eam
792 2643 877 2703 qnam
898 2625 1019 2685 Orosius
1049 2625 1089 2684 IV
1114 2627 1126 2684 1
1157 2625 1243 2684 tradit
1270 2623 1368 2699 Pyrrhi

267 2729 484 2806 inscriptionem
504 2727 595 2805 (Anu.
612 2728 652 2787 Vl
673 2728 709 2786 ir.
732 2727 802 2807 XII)
830 2729 913 2789 saluo
935 2739 1028 2789 metro
1047 2739 1218 2806 receperat,
1249 2739 1279 2788 et
1306 2748 1367 2788 eum

266 2833 415 2892 celebrem
441 2831 523 2891 Fabii
552 2832 667 2892 laudem
688 2832 845 2893 Ennianum
872 2835 962 2911 (Anu.
986 2835 1027 2894 lX
1057 2835 1092 2894 l'r.
1115 2834 1198 2913 VIII)
1231 2834 1367 2909 referret,

266 2955 382 2996 sensum
411 2943 537 3014 poetae,
570 2953 628 2994 nou
654 2955 802 2996 numerum
828 2957 931 2998 uersus
970 2940 1081 3000 curauit
1104 2938 1188 2999 XXX
1213 2938 1268 3000 26:
1303 2944 1370 2998 uitii

266 3049 366 3102 certius
393 3052 433 3100 est
458 3062 540 3115 quam
569 3061 653 3101 unum
680 3045 814 3102 bominem
843 3047 919 3102 nobis
945 3050 1098 3105 cunctando
1125 3065 1183 3104 rem
1211 3051 1367 3116 restituisse,

263 3155 335 3207 siem
359 3151 468 3206 Ennius
489 3152 535 3204 ait.
579 3143 642 3204 Nec
665 3145 782 3204 multum
806 3165 863 3224 quo
887 3167 1002 3207 uersum
1026 3168 1094 3209 esse
1114 3151 1296 3210 demonstres
1320 3168 1366 3208 na·

264 3251 306 3311 let
327 3251 402 3310 baec
425 3250 534 3309 locutio
556 3254 626 3310 isaeo
644 3256 691 3310 ubi
710 3255 782 3310 dicta
808 3256 897 3326 dedit,
925 3271 980 3330 qua
1004 3264 1141 3333 usurpata
1163 3256 1278 3333 quidem
1304 3264 1366 3315 aute

266 3375 282 3416 a
305 3358 402 3434 poetis
424 3355 479 3433 (oi.
492 3356 619 3414 Lucilius
637 3354 650 3413 I
669 3358 688 3415 7
706 3355 855 3430 Vergilius
875 3355 949 3415 Aen.
971 3358 997 3418 Il
1019 3361 1079 3420 790
1105 3360 1301 3440 vt1323a1.)
1325 3361 1366 3420 bi-

264 3461 329 3520 nius
351 3460 473 3519 sublude
495 3479 564 3518 usus
584 3469 639 3535 est,
662 3460 699 3519 ci.
723 3456 778 3516 Vll
797 3459 836 3519 33
859 3459 1008 3524 Drakenb.
1054 3465 1116 3539 Qua
1133 3484 1165 3526 re
1187 3467 1278 3525 releci
1299 3476 1367 3525 tam-

265 3582 350 3642 quam
371 3563 442 3624 binii
465 3563 555 3623 uerba
578 3566 680 3642 quibus
705 3566 815 3642 Hugius
838 3565 988 3628 liberaIIus
1014 3569 1097 3630 Ennii
1125 3561 1264 3648 reliquias
1288 3572 1365 3630 locu-

266 3671 400 3748 pletarat.

348 3776 449 3836 Verbo
480 3785 594 3853 tangam
624 3775 660 3834 ir.
688 3773 756 3835 XVI
783 3793 840 3854 quo
869 3775 980 3837 Merula
1009 3754 1124 3838 Poenos
1154 3788 1296 3839 tormenta
1317 3780 1365 3838 mi-

263 3892 364 3942 nantes
386 3881 530 3958 Regulum
558 3880 738 3957 compellare
764 3880 974 3941 arbitrabatur:
1004 3889 1123 3958 amptius
1153 3903 1294 3960 enomere
1321 3890 1365 3944 ob-

261 3994 331 4063 stipo
351 3993 452 4045 lumine
470 3990 550 4048 sotis,-
572 3985 709 4061 quocirca
740 3986 813 4043 miro
839 3976 894 4062 qua
924 3986 973 4045 ille
1004 3989 1092 4046 utitur
1119 3989 1202 4048 orisls
1232 3989 1366 4068 exemplo

263 4100 293 4150 et
313 4098 454 4167 caanpe're
473 4088 562 4150 scribi
585 4097 614 4148 et
631 4107 747 4147 uersum
769 4107 807 4148 ex
829 4098 935 4149 octauo
952 4092 1080 4168 relegari
1102 4091 1131 4149 iu
1153 4093 1304 4170 septimum
1326 4093 1365 4150 iu·

262 4193 323 4253 bet.
368 4195 488 4254 Sensum
512 4202 630 4272 poetae,
654 4212 738 4271 quem
761 4212 797 4252 ne
820 4192 949 4253 Iloenius
962 4196 1077 4273 quidem
1099 4195 1223 4274 prem.
1242 4195 1364 4254 Darmst.

265 4297 344 4358 1841
368 4316 395 4358 n.
423 4298 482 4358 152
505 4300 665 4374 intellexit,
694 4298 804 4376 Hugius
827 4302 961 4378 percepit
990 4309 1019 4358 et
1042 4299 1247 4378 supplemento
1270 4317 1365 4358 exem·
