2984 5032
269 455 372 508 xxxn
594 425 596 430 ’
670 447 976 520 ornusuuouus

270 617 334 680 dam
361 617 435 678 scite
465 615 671 694 expediantur,
703 635 787 678 unum
815 619 916 680 nescio
940 635 976 680 uo
1006 635 1048 682 eo
1077 576 1242 682 rliillcilius
1284 617 1411 682 euadat.

270 723 341 788 Cum
368 722 442 785 enim
466 717 582 784 bmntno
605 726 706 786 modus
729 725 872 786 obscurus
899 726 953 803 sit,
986 737 1044 808 quo
1064 726 1172 789 Ennius
1199 728 1353 790 Graecis
1376 726 1413 786 de

270 831 371 892 Aenea
388 839 417 892 et
438 829 489 892 ilia
507 830 613 894 labulir
628 834 815 895 domesticam
834 834 948 910 lamam,
972 853 1056 913 quam
1078 837 1106 895 iu
1135 835 1279 897 relicuis
1307 834 1413 912 sequi·

270 945 327 1013 tur,
350 934 545 1016 admiscuerit,
564 948 624 1002 tum
644 939 702 1002 boc
725 959 846 1021 prorsus
874 941 1045 1003 incredibile
1072 943 1194 1017 uidetur,
1226 941 1412 1014 Amulium,

187 1065 190 1074 ¹
269 1046 294 1106 si
307 1045 429 1124 quidem
451 1045 595 1125 legitimus
618 1056 681 1109 erat
702 1047 823 1108 Aeneae
845 1047 938 1124 lilius,
964 1049 1044 1111 iliam
1066 1066 1197 1110 sororem
1233 1048 1285 1108 ob
1320 1065 1415 1127 pere·

269 1153 380 1232 grinam
401 1162 509 1214 tantum
527 1139 669 1231 originem
691 1154 857 1215 infestasse.

353 1260 386 1321 lu
406 1277 514 1321 summo
535 1261 625 1339 ipsius
649 1271 679 1322 et
700 1278 855 1340 puerorum
875 1262 1039 1324 discrimine
1059 1262 1112 1324 Ilia
1139 1261 1281 1324 deorum
1318 1261 1420 1322 tidem

270 1366 412 1447 inploret,
444 1368 472 1427 in
500 1367 599 1445 primis
626 1366 766 1458 Veneria,
792 1360 966 1447 ‘genetricis
999 1370 1104 1449 patris'
1122 1378 1168 1430 ·et
1196 1359 1411 1448 ‘cognatae'

271 1472 438 1555 (xxxv1)‚
452 1482 481 1534 et
492 1472 591 1534 biantis
602 1483 631 1534 nt
643 1475 767 1552 uidetur,
779 1495 814 1538 ac
825 1474 952 1537 Tiberini
966 1474 1146 1556 (xxxva).
1169 1475 1317 1538 Fallitur
1329 1477 1412 1538 enirn

271 1581 446 1644 Niebubrius
473 1579 741 1662 Hist.Rom.1p.
769 1581 849 1660 384,
880 1601 943 1644 cum
967 1592 1089 1663 propter
1116 1584 1188 1645 Liuii
1214 1603 1324 1665 quam
1355 1583 1409 1642 lin·

269 1689 312 1766 git
334 1687 520 1748 imitationem
542 1687 583 1766 (11
602 1688 656 1767 10)
673 1701 728 1750 tum
743 1693 835 1750 Cocles
848 1681 989 1752 ‘Tiberine
1000 1677 1099 1767 poter’
1115 1695 1203 1766 inquii
1216 1682 1266 1750 ‘te
1301 1701 1411 1752 sancte

266 1813 388 1873 precor,
424 1797 494 1853 boec
528 1815 610 1854 orma
640 1805 666 1854 et
695 1799 769 1854 bunc
804 1802 912 1858 militem
940 1801 1062 1875 propitio
1093 1801 1207 1873 flumine
1250 1782 1406 1877 ccciptos'

270 1901 381 1964 Horatii
402 1899 523 1962 Coclitis
551 1919 619 1962 esse
646 1900 720 1964 baec
739 1900 824 1962 Ennii
846 1903 938 1964 uerba
964 1913 1042 1981 teque
1062 1910 1155 1995 poter
1181 1907 1331 1964 Tiberine
1360 1913 1407 1962 tuo

271 2029 332 2070 cum
355 2014 469 2085 flumine
495 2020 590 2070 canem
616 2027 683 2070 esse
704 2010 855 2089 opinator,
884 2009 999 2070 scilicet
1029 2007 1214 2071 ablacrobio
1240 2009 1294 2071 vt
1322 2011 1339 2070 1
1369 2027 1400 2088 p.

271 2115 333 2177 499
354 2115 419 2177 Jau.
444 2133 461 2174 e
481 2117 573 2194 primo
595 2117 689 2179 annali
711 2127 798 2197 atque
826 2119 864 2180 ita
883 2127 915 2178 ut
932 2114 1007 2177 absit
1025 2117 1154 2196 corrupti
1177 2120 1302 2178 numeri
1328 2135 1398 2178 sus·

271 2228 343 2305 pitio
365 2223 468 2285 adleta.
513 2222 615 2302 Neque
639 2241 710 2284 uero
732 2223 845 2299 biuios,
870 2223 954 2286 ctiam
977 2224 1001 2283 si
1022 2219 1144 2284 Ennium
1167 2223 1304 2286 subinde
1329 2223 1395 2283 inri-

273 2343 348 2396 tatus
370 2333 417 2408 sit,
434 2330 511 2410 quod
526 2328 700 2392 Niebubrios
723 2329 742 2389 l.
759 2331 778 2390 Ι.
802 2339 884 2390 recte
905 2328 957 2389 sed
973 2330 1084 2390 ratione
1107 2347 1164 2390 non
1184 2340 1271 2392 reeta
1302 2330 1394 2392 adilr-

248 2441 250 2454 '
270 2451 338 2518 mat,
355 2439 462 2518 egebat
477 2439 505 2498 in
522 2455 557 2499 ea
570 2455 601 2499 re
617 2437 753 2518 exemplo
769 2436 869 2497 Ennii:
892 2436 1017 2516 quaudo,
1032 2434 1110 2516 quod
1125 2437 1244 2499 Seruius
1257 2442 1294 2500 in
1309 2439 1390 2500 Aen.

269 2547 336 2609 vlit
352 2545 392 2608 72
403 2553 536 2621 testatur,
560 2544 633 2606 baec
647 2555 785 2607 consueta
798 2544 934 2607 Romanis
947 2542 1111 2606 Tiberinum
1127 2546 1268 2625 precibus
1288 2548 1387 2610 aduc·
1404 2573 1412 2584 ·

271 2654 354 2716 candi
372 2651 510 2714 formula:
534 2656 627 2711 adesto
647 2656 773 2712 Tiberine
794 2673 855 2713 eum
875 2657 927 2712 turb
939 2656 1029 2712 undu.
1052 2651 1149 2729 Atque
1171 2655 1247 2732 apud
1269 2649 1394 2732 Vergi-⁴

272 2760 339 2820 lium
351 2759 370 2819 l.
383 2758 402 2818 l.
416 2745 534 2820 Aeneas
545 2759 573 2816 in
584 2757 659 2818 bunc
673 2759 795 2820 similem
807 2759 935 2821 Enniano
947 2758 1060 2819 modum
1073 2757 1237 2822 Tiberinum
1253 2760 1385 2822 adorat:

271 2878 352 2944 lupae
379 2887 395 2926 o
426 2869 531 2942 Tbybri
561 2876 605 2926 too
626 2871 732 2942 panitur
753 2885 815 2926 cum
830 2871 943 2942 (iumine
963 2877 1075 2926 canoto:
1105 2883 1163 2944 quo
1188 2868 1212 2926 ti
1242 2868 1313 2947 quis
1344 2863 1386 2925 uti

271 2973 369 3050 uolet,
393 2969 477 3032 Ennii
506 2989 622 3032 uersum
641 2972 748 3051 poterit
777 2972 897 3033 Aeneae
925 2972 1071 3033 tribuere:
1097 2970 1164 3032 mibi
1192 2973 1382 3052 probabilius
1467 2984 1472 3055 ξ

271 3082 362 3140 uisum
385 3087 446 3155 est,
475 3080 514 3140 ita
537 3079 615 3141 iliam
640 3097 714 3159 quae
742 3078 878 3138 Tiberino
907 3087 1024 3157 nuptum
1047 3079 1129 3139 datur
1151 3077 1245 3160 (ΧΗ)
1275 3097 1379 3141 orare.
1465 3054 1476 3121 ’ἵ

354 3187 455 3248 Venus
481 3186 552 3250 iliae
581 3185 718 3266 precibus
747 3195 889 3247 commota
913 3186 1033 3264 adparet
1058 3203 1094 3245 ao
1114 3197 1250 3266 nepotem
1272 3187 1314 3248 de
1334 3186 1379 3264 ip·

137 3345 139 3352 r
271 3297 331 3356 sius
353 3304 382 3355 et
405 3295 562 3357 liberorum
583 3303 662 3354 sorte
686 3293 834 3354 conilrmat
854 3292 1002 3373 (XXXIX.
1025 3293 1107 3372 Xb):
1138 3309 1195 3372 quo
1222 3294 1302 3356 iacto
1325 3291 1376 3353 illa
1475 3309 1476 3397 p

270 3403 298 3462 iu
317 3419 428 3463 amnem
449 3421 481 3462 se
504 3402 634 3463 demittit.
679 3401 796 3462 Interim
815 3400 943 3462 latrones
966 3399 1001 3461 ab
1026 3398 1141 3461 Amulio
1163 3399 1234 3461 iussi
1263 3415 1391 3482 pueros*

271 3517 419 3588 exponunt
435 3507 553 3588 (xutl).
1173 3487 1174 3492 ἵ

356 3615 429 3676 Huic
450 3615 519 3676 loco
542 3616 657 3676 uindico
678 3613 798 3674 deorum
821 3613 856 3674 de
880 3612 990 3674 Romae
1019 3613 1133 3674 lortuna
1161 3612 1375 3692 consiliantium

271 3739 460 3784 consessum:
488 3723 602 3802 qualern
625 3723 653 3780 ln
672 3721 730 3782 boc
752 3720 826 3782 libro
848 3721 1012 3800 expositum
1035 3718 1126 3780 luisse
1151 3717 1219 3778 olim
1237 3717 1371 3780 intellec·

269 3840 402 3892 tumeat.
435 3828 597 3890 Probabilis
616 3829 691 3888 enim
711 3829 878 3888 coniectura
898 3835 954 3904 est,
978 3824 1127 3886 Horatium
1147 3841 1210 3884 cnm
1228 3823 1302 3885 baec
1324 3840 1373 3884 ea·
1474 3891 1475 3908 p

269 3948 354 3999 neret
376 3935 486 4016 (Germ.
513 3934 611 4011 1113,
644 3935 697 4014 16)
733 3939 864 4007 Quirinos
888 3937 989 3994 Morta‘s
1014 3937 1089 4011 equis
1117 3935 1274 3992 Acheronte
1293 3935 1374 4009 sopit,
1472 4015 1473 4020 η

269 4057 381 4124 pratum
409 4050 514 4105 elocuto
547 4045 750 4102 consiliantibus
776 4044 882 4100 Iunone
907 4044 994 4113 dbis,
1032 4037 1115 4098 Ennii
1140 4054 1298 4098 memorem
1324 4053 1370 4098 ce·

270 4153 387 4213 ciuisse.
429 4149 492 4225 Qua
517 4149 681 4210 coniectura
703 4146 772 4206 licet
793 4145 913 4206 alteram
936 4154 1141 4225 superstruere
1159 4161 1216 4204 nou
1238 4142 1369 4224 inproba·
1462 4167 1464 4174 ·

268 4258 369 4334 bilem,
386 4258 410 4318 si
427 4258 504 4318 illam
521 4254 710 4336 probaueris,
726 4252 826 4315 lunoni
842 4255 870 4314 in
888 4253 1015 4314 Enniana
1030 4250 1150 4312 deorum
1166 4252 1301 4314 contione
1315 4265 1369 4309 noa

269 4365 420 4428 adsidendi
436 4373 543 4426 tantum
560 4363 613 4424 sed
630 4360 787 4444 eloquendi
803 4370 832 4422 et
850 4359 1005 4442 perorandi
1025 4367 1123 4440 partes
1138 4358 1240 4432 luisse.
1266 4356 1305 4418 Vt
1324 4353 1368 4416 bic
