3070 5032
604 422 843 490 RELIQVIAE
1215 417 1277 484 179

661 591 786 664 XXXII

269 724 392 802 Fronto
412 726 516 817 Epist.
535 723 583 794 IV
603 733 623 796 3
644 748 675 815 p.
694 733 735 795 99
757 725 807 794 ed.
828 724 921 793 Rom.
936 711 1075 816 '‘neque
1097 724 1131 794 id
1158 739 1277 812 repre-

156 827 275 896 hendo
298 833 331 898 te
357 830 450 899 uerbi
472 827 687 898 translatione
710 827 869 898 audacius
892 847 1127 916 progressum:
1156 828 1278 918 quippe

158 931 221 1023 qui
246 931 329 1000 Enni
352 932 515 1002 sententia
542 935 749 1000 oratorem
780 931 973 1000 audacem
1000 952 1096 1000 esse
1125 931 1278 1000 debere

95 1109 98 1113 ,
158 1055 328 1103 censeam.
370 1035 420 1104 sit
442 1057 523 1104 sane
543 1033 652 1102 audax
673 1037 800 1118 orator,
829 1036 865 1101 ut
881 1032 1007 1100 Ennius
1025 1033 1189 1122 postulat,
1218 1035 1278 1104 sed

35 1163 37 1204 :
159 1160 182 1206 a
202 1137 422 1228 significando
441 1137 529 1230 quod
553 1137 625 1205 uolt
647 1136 758 1230 eloqui
779 1157 941 1229 nusquam
966 1135 1188 1226 digrediatur!

520 1343 521 1346 ,
652 1287 792 1358 XXXIII

35 1477 38 1502 Ι
268 1403 378 1474 Varro
404 1404 445 1473 de
471 1405 507 1473 L.
526 1403 563 1473 L.
590 1404 637 1474 IX
659 1413 724 1474 107·
741 1405 783 1474 Μ.
819 1408 987 1494 ‘oporteat
1007 1405 1068 1474 diei
1087 1405 1214 1490 solui,
1241 1411 1279 1476 ut
1314 1409 1316 1414 ’

35 1509 36 1514 ’
162 1505 248 1575 Cato
270 1510 302 1575 et
322 1507 450 1576 Ennius
472 1507 599 1602 scribit²
628 1530 694 1578 non
715 1511 751 1576 ut
770 1508 846 1577 dicil
865 1507 991 1598 uolgus
1014 1508 1132 1578 solitus
1156 1511 1265 1578 sum!-

643 1657 789 1728 XXXIV

268 1773 387 1845 Festus
410 1798 442 1866 p.
461 1783 520 1846 351
540 1775 582 1846 Μ.
610 1775 813 1866 ‘tappete’
834 1774 1072 1867 (tappetae,
1094 1775 1192 1848 Immo
1210 1783 1278 1848 ta-

162 1882 303 1968 petae‚
331 1878 489 1969 Vrsinus)
513 1885 573 1948 ‘ex
595 1878 722 1948 Graeco
752 1876 917 1971 sumlpsit]
947 1931 1101 1948 .....
1129 1885 1183 1950 tae
1205 1883 1278 1950 llo-

37 2068 38 2076 *
162 1982 240 2050 nius
257 2003 345 2051 -eum
383 1981 429 2050 ait
466 1985 480 2051 t
507 2033 807 2050 .........
835 1981 899 2050 lius
931 1983 965 2050 in
989 1983 1175 2054 Demetrio‘
1229 1985 1277 2054 De

162 2088 318 2175 tapeta,
347 2086 518 2174 tapetae
544 2085 585 2172 el.
611 2082 735 2152 Placidi
762 2082 873 2153 Gloss,
905 2085 960 2173 (Α.
983 2086 1046 2154 lllai
1073 2092 1158 2156 auct.
1178 2089 1275 2157 class.

35 2243 38 2278 p
163 2187 206 2256 III
229 2189 305 2278 481)
335 2187 504 2272 ‘lebeta
530 2186 611 2269 olla,
639 2186 774 2279 generis
792 2187 957 2256 feminini?

652 2335 784 2407 XXXV

267 2452 405 2522 Seruius
431 2453 464 2522 in
482 2452 566 2522 Aen.
585 2453 645 2523 XII
664 2462 725 2523 298
758 2458 850 2522 ‘nam
870 2453 950 2522 illud
970 2453 1064 2522 Ennii
1090 2462 1122 2520 et
1140 2441 1276 2522 Pacuuii

164 2556 294 2646 penitus
322 2555 362 2624 de
387 2579 452 2624 usu
482 2557 636 2640 recessit,
664 2560 701 2625 ut
726 2554 791 2623 hie
813 2558 972 2642 torrus,
1000 2555 1099 2624 huius
1119 2555 1198 2626 torri
1222 2557 1277 2652 di-

165 2657 297 2728 eamus!

647 2759 793 2830 XXXVI

268 2889 406 2959 Semius
440 2888 473 2958 in
498 2888 581 2958 Aen.
609 2889 657 2958 VI
683 2899 743 2960 779
780 2889 940 2960 ‘uidenz
980 2889 1055 2957 den
1085 2891 1303 2965 naturaliter.

35 2985 37 3026 l
165 2989 267 3084 longa
285 2996 345 3076 est,
373 2992 508 3073 breuem
523 2996 632 3062 tamen
651 2992 737 3063 eam’
761 2993 901 3082 (etiam
922 2989 994 3062 eod.
1014 2991 1123 3082 Fuld.)
1148 2993 1277 3083 ‘posuil

167 3098 299 3166 secutus
319 3095 480 3164 Ennium!

636 3197 795 3268 XXXVII

266 3327 468 3400 Censorinus
491 3330 532 3399 de
554 3329 606 3399 die
630 3333 695 3398 nat.
720 3352 748 3398 o.
771 3339 808 3399 19
836 3353 867 3420 p.
890 3338 930 3398 57
956 3327 1050 3397 Jahn.
1080 3325 1160 3395 ‘hoe
1188 3329 1276 3395 tem-

167 3432 242 3522 pus’
271 3432 338 3521 (se.
362 3432 491 3521 annus)
523 3437 622 3524 ‘quot
650 3433 776 3517 dierum
803 3436 893 3508 esset
916 3431 958 3502 ad
979 3433 1103 3499 eertum
1129 3429 1275 3498 nondum

167 3534 325 3625 astrologi
351 3535 495 3626 reperire
523 3539 708 3624 potuerunt.
757 3536 925 3605 Philolaus
948 3554 1068 3603 annum
1093 3531 1276 3602 naturalem

168 3636 235 3704 dies
268 3635 406 3734 habere!
421 3636 564 3727 prodidit
603 3636 786 3706 CCCLXIII
937 3639 970 3704 at
1003 3637 1117 3703 noster
1148 3634 1274 3703 Ennius

35 3759 36 3786 ³
169 3737 373 3810 CCCLXVI.’

634 3854 807 3926 XXXVIII
948 3885 950 3890 ·
1257 3935 1261 3940 Ι

268 3984 470 4057 Censorinus
495 3985 536 4054 de
560 3986 612 4055 die
636 3991 701 4056 nat.
727 4010 754 4056 e.
773 3996 813 4056 24
841 4010 873 4076 p.
895 3996 933 4055 71
960 3984 1055 4054 Jahn.
1090 3985 1183 4073 ‘post
1211 4004 1274 4050 su-

35 4167 36 4180 ¹
73 4151 75 4154 .
170 4112 309 4180 premam
332 4091 481 4182 sequitur
509 4111 666 4179 uespera,
695 4093 769 4159 ante
793 4093 898 4158 ortum
924 4088 1047 4156 seilicet
1067 4085 1139 4154 eius
1158 4085 1274 4154 stellae

35 4191 36 4194 ’
171 4213 263 4284 quam
284 4191 422 4262 Plautus
446 4193 720 4283 uesperogInem,
756 4192 882 4260 Ennius
907 4210 1147 4280 uesperum,
1181 4182 1274 4258 Ver-

171 4295 265 4386 gilius
288 4295 453 4386 hesperon
473 4295 636 4385 appellat!

1001 4405 1040 4468 12
1052 4408 1068 4438 ²*
