3112 5040
695 421 929 478 ANNALIVM

796 589 842 659 XI

363 701 520 773 Incedunt
539 706 675 774 arbusta
690 728 751 796 per
767 707 850 791 alta,
878 709 1050 780 securibus
1068 711 1218 799 caedunt,

363 805 551 876 Percellunt
572 830 713 900 magnas
736 831 895 901 quercuS,
919 813 1082 884 exciditur
1102 814 1179 902 ilex,

276 916 335 977 195
363 908 526 979 Fraxinus
546 911 711 1003 frangitur
734 912 945 1004 atque-abies
965 917 1186 987 consternitur
1203 919 1279 1004 alta,

364 1011 466 1080 Pinus
489 1035 646 1105 proceras
666 1018 878 1104 pernorlunt:
907 1037 1003 1088 omne
1025 1020 1166 1090 sonabat

363 1114 546 1185 Arbustum
568 1116 699 1186 fremitu
720 1117 816 1187 siluai
837 1119 1018 1191 frondosai.

758 1253 818 1323 Xll
833 1252 874 1290 **

366 1368 429 1453 Qui
452 1371 590 1442 antebac
611 1372 722 1443 inuicti
744 1374 894 1459 luerunt,
918 1377 1013 1464 pater
1034 1373 1155 1465 optime
1174 1372 1318 1468 Olympi,

363 1472 435 1544 Hos
454 1478 487 1544 et
504 1497 570 1567 ego
592 1475 626 1544 in
642 1498 758 1570 pugna
778 1475 842 1556 uici
858 1478 1033 1570 uictusque
1056 1499 1130 1546 sum
1151 1478 1192 1547 ab
1211 1479 1326 1550 isdem.

769 1611 868 1682 Xlll*

274 1734 336 1796 200
362 1727 431 1798 Nec
450 1729 494 1800 mi
515 1753 632 1800 aurum
653 1753 757 1822 posco
780 1753 842 1800 nec
858 1731 902 1800 mi
921 1730 1062 1822 prelium
1081 1697 1252 1804 dederitis:

363 1830 436 1899 Non
462 1837 686 1924 cauponantes
709 1834 831 1903 bellum
853 1834 913 1904 sed
935 1833 1180 1925 belligerantes,

363 1931 465 2004 Ferro
488 1958 556 2005 non
577 1959 660 2006 auro
681 1937 782 2007 uitam
800 1959 973 2006 cernamus
994 1937 1135 2029 utrique.

361 2034 479 2107 Vosne
497 2039 577 2110 uelit
592 2062 634 2109 an
649 2062 702 2110 me
722 2062 865 2132 regnare
882 2062 940 2110 era
959 2039 1081 2134 quidue
1102 2041 1186 2110 ierat
1202 2039 1287 2111 Fors

259 2248 286 2298 p.
304 2233 355 2284 504
372 2234 430 2286 ian.
457 2239 665 2302 ‘puluernlentus
683 2256 761 2304 eques
778 2239 852 2289 lurit:
878 2255 966 2290 omnes
984 2255 1056 2290 arma
1070 2241 1210 2303 requirunt.
1231 2240 1307 2307 [Aen.
1322 2241 1370 2290 Vll

259 2300 323 2367 995]
342 2303 440 2354 Ennius
459 2307 485 2355 in
504 2317 576 2358 sexto
598 2311 651 2359 ...’
722 2310 758 2358 Xl
776 2310 920 2360 Macrobius
935 2310 989 2360 Sat.
1000 2311 1062 2360 vla
1077 2325 1103 2374 p.
1116 2309 1167 2362 51³
1180 2311 1238 2360 Jan.
1265 2312 1330 2360 ‘itur
1343 2311 1370 2358 in

260 2373 391 2434 antiquam
403 2375 497 2426 siluam
511 2379 613 2428 stabula
625 2379 677 2428 alta
689 2377 809 2428 ferarum.
839 2379 1010 2429 Procumbunt
1024 2380 1127 2443 piceae,
1147 2388 1221 2430 sonat
1233 2381 1284 2429 icta
1297 2395 1370 2430 seeu-

259 2441 331 2491 ribus
351 2442 418 2504 ilex,
444 2446 635 2512 Fraxineaeque
656 2448 755 2508 trabes,
775 2450 863 2498 cuneis
880 2458 904 2498 et
921 2447 1001 2498 fissile
1022 2448 1099 2498 robur
1111 2447 1255 2498 Scinditur:
1280 2449 1370 2498 aduol-

259 2519 323 2561 uunt
346 2513 462 2578 ingentes
480 2518 608 2567 montibus
629 2531 713 2566 ornos.
744 2515 819 2582 [Aen.
845 2519 881 2566 Vl
902 2517 961 2581 119]
988 2517 1086 2566 Ennius
1105 2519 1131 2566 in
1151 2526 1224 2568 sexto
1248 2518 1299 2566 ...'

294 2580 344 2629 XII
363 2581 468 2632 Orosius
482 2585 546 2635 IVl
566 2587 627 2636 ‘sed
640 2587 752 2651 Pyrrhus
774 2589 931 2636 atrocitatem
951 2587 1044 2636 cladis'
1070 2586 1279 2652 (Heracleensem
1294 2584 1369 2650 dicit)

261 2655 354 2714 ‘quam
367 2650 416 2700 boo
431 2653 499 2703 bello
513 2663 663 2720 exceperat,
683 2656 723 2706 dis
736 2657 790 2704 suis
803 2656 1001 2718 hominibusque
1015 2663 1121 2705 testatus
1136 2665 1190 2716 est,
1207 2656 1322 2721 adigens
1337 2657 1369 2704 ti-

258 2720 340 2769 tulum
354 2720 380 2768 in
394 2721 489 2786 templo
502 2723 633 2774 Tarentini
644 2725 727 2783 Iouis,
747 2726 835 2786 inquo
848 2725 912 2774 haec
928 2726 1045 2789 scripsit:
1066 2726 1125 2788 qui'
1146 2741 1169 2776 a.
1183 2742 1207 2789 q.
1225 2740 1246 2774 s.
1272 2725 1368 2774 Eadem

259 2790 286 2838 in
297 2789 370 2837 Pauli
390 2790 496 2841 Diacoui
511 2794 575 2842 Hist.
590 2793 662 2843 Misc.
676 2795 700 2843 ll
716 2792 749 2844 16
762 2808 789 2858 p.
807 2793 858 2844 785
879 2794 920 2844 ed.
944 2795 954 2844 I
975 2793 1074 2844 Gruter.
1094 2794 1146 2859 legi
1165 2795 1238 2844 testis
1256 2793 1369 2844 Naelrius

260 2865 307 2906 est.
338 2859 419 2908 Ennio
431 2860 496 2911 Lud.
511 2861 616 2911 Lautius
637 2863 778 2912 uindicauit
794 2878 896 2912 uersus:
916 2864 948 2913 de
961 2863 1053 2925 quibus
1065 2864 1241 2914 memorabilis
1257 2870 1296 2913 est
1309 2863 1369 2912 Nie-

259 2925 346 2975 bnbrii
364 2930 489 2979 sententia
506 2932 571 2980 Hist.
582 2932 655 2981 Rom.
670 2934 706 2981 Ill
717 2933 777 2983 560.
809 2932 848 2982 Gi.
865 2932 978 2982 Naelxius
992 2932 1086 2997 Opusc.
1106 2934 1116 2981 l
1134 2933 1186 2984 212
1206 2934 1250 2995 qai
1270 2941 1295 2982 et
1313 2933 1369 2997 ipse

258 3010 349 3045 uersus
362 2997 493 3047 Ennianos
506 3000 594 3060 habet,
615 3002 745 3067 mitigatos
762 3001 870 3050 fortasse
885 3003 917 3050 ab
930 3015 974 3062 eo,
995 3003 1036 3050 cui
1050 3000 1155 3052 Orosius
1167 3002 1259 3060 debet,
1280 3002 1367 3051 Liuio:

261 3079 324 3128 quos
339 3065 384 3116 ille
402 3066 531 3133 eleganter
543 3069 593 3119 hoe
637 3085 725 3120 aecae
745 3071 905 3135 igrammatio
919 3072 1059 3134 expressit:
1087 3067 1143 3120 Ζεῦ
1160 3063 1262 3134 πάτερ,
1287 3064 1316 3119 οἳ
1336 3061 1368 3118 τὰ

259 3127 401 3218 πάροιθεν
423 3127 556 3188 detrusos
580 3153 602 3187 π
616 3139 666 3188 λον
688 3086 805 3202 dripere,
831 3131 870 3188 Oi
889 3130 940 3204 pie
962 3130 1154 3204 ἐνικήθησαν,
1176 3129 1318 3205 ἐνικήθην
1336 3132 1367 3187 δὲ

259 3219 332 3268 προς
351 3195 455 3256 αὐτῶν.
526 3207 588 3257 11111
607 3209 694 3260 Cicero
709 3211 741 3259 de
756 3209 800 3258 off.
816 3208 887 3268 112,
901 3207 936 3259 38
957 3209 1061 3272 ‘Pyrrhi
1083 3210 1187 3272 quidem
1209 3209 1241 3260 de
1260 3210 1368 3274 captiuis

259 3275 397 3326 reddendis
412 3275 457 3326 illa
474 3279 605 3341 praeclara
618 3280 743 3329 sententia
761 3287 812 3328 est:
837 3279 897 3328 nec'
916 3295 938 3328 e.
954 3294 979 3341 q.
994 3293 1015 3328 s.
1050 3278 1158 3344 ‘regalis
1173 3292 1235 3330 sana
1254 3286 1278 3328 et
1291 3279 1368 3344 digna

259 3344 429 3394 Aeacidarum
452 3361 545 3411 genere
567 3350 709 3398 sententia.¹
743 3347 849 3396 Seruius
868 3349 894 3396 in
912 3348 975 3396 Aen.
995 3347 1044 3398 XII
1064 3347 1115 3398 709
1140 3349 1220 3397 ‘inter
1234 3364 1262 3397 se
1275 3349 1368 3398 coiisse

259 3415 331 3463 uiros
343 3423 368 3464 et
380 3429 483 3464 cernere
495 3415 577 3466 ferro:
594 3432 656 3467 uera
670 3426 695 3468 et
708 3418 813 3479 antiqua
826 3417 889 3467 haec
902 3424 940 3466 est
954 3416 1038 3468 lectio.
1073 3432 1133 3468 nam
1145 3418 1254 3468 Ennium
1267 3425 1368 3468 secutus

302 3640 353 3696 194
371 3640 526 3709 percellant
541 3639 631 3713 Neap.
737 3645 788 3700 196
808 3658 944 3713 proceros
958 3641 1028 3697 Par.
1044 3659 1178 3712 proceres
1196 3643 1277 3715 ArtpL
1292 3643 1366 3698 Med.

257 3720 348 3794 Neap.
434 3729 598 3794 pernortunt
612 3726 692 3798 Arrpt.
710 3726 800 3798 Neap.
821 3733 985 3797 peruertunt
1003 3729 1087 3782 ceteri
1191 3731 1242 3786 198
1257 3729 1368 3783 luerunt

256 3807 382 3879 Heym'us
399 3806 499 3879 Opase.
520 3811 601 3864 acad.
616 3809 654 3866 ΙΙ
668 3815 730 3869 939.
754 3812 831 3864 luere
848 3812 900 3866 uiri
917 3809 1030 3866 θνοιὴιε
1116 3812 1163 3883 qui
1184 3813 1281 3868 inuicti
1303 3820 1366 3868 ante

258 3894 336 3948 luere
346 3893 397 3947 uiri
405 3891 513 3948 Paulus
597 3898 648 3953 199
660 3901 687 3948 et
699 3911 752 3966 ego
760 3895 875 3950 Paulus.
887 3911 941 3966 ego
951 3894 1065 3952 Orosim
1134 3898 1235 3952 iisdem
1245 3896 1366 3966 Oresio,

256 3977 363 4032 Paulus
468 3983 521 4036 900
535 3978 666 4048 pretinm]
682 3994 780 4034 aurum
787 3978 886 4033 Bamb.
896 3996 957 4034 am.
965 3997 1014 4050 pr.
1031 3982 1164 4053 (pretium
1178 3997 1255 4038 corr.
1267 3998 1302 4035 m.
1317 3983 1366 4036 cit.

255 4063 411 4127 recentior)
518 4067 567 4120 901
597 4078 653 4116 non
675 4061 750 4117 Oebl.
772 4079 825 4116 nec
846 4067 931 4118 ceteri
1013 4064 1165 4138 Aeschylus
1187 4065 1367 4137 Septembre

257 4131 355 4199 aaa
370 4131 399 4200 o’
415 4138 510 4204 roano
524 4132 560 4203 at
575 4138 769 4220 καπηιιύσειν
781 4135 879 4222 μάχην
892 4147 931 4219 cf.
947 4149 979 4204 o.
996 4148 1131 4206 canorus
1148 4149 1182 4205 n.
1197 4150 1229 4205 ι.
1246 4149 1325 4209 rrrs

298 4233 351 4287 993
372 4246 421 4284 era
439 4231 538 4286 Bamb.
556 4248 574 4286 o
589 4232 605 4287 b
627 4231 715 4288 Bern.
730 4249 748 4286 a
763 4233 791 4287 d.
818 4231 889 4286 hera
908 4235 991 4307 nubo
1077 4235 1135 4290 iors
1150 4237 1279 4307 plerique
1296 4235 1365 4312 libri,

256 4312 404 4370 Lambinus
416 4315 455 4368 ad
470 4315 542 4372 Hor.
558 4315 618 4372 Sat.
633 4315 652 4372 1
667 4324 693 4384 1,
707 4321 734 4374 2
750 4332 813 4372 sors
831 4315 907 4372 Ociti.
