2984 5032
552 442 780 500 ENNlANAE
1138 446 1226 492 XXXI

121 625 211 676 totam
233 611 378 675 Troianae
401 611 571 672 calamitatis
591 617 716 668 aetatem
740 608 903 684 ignorasse,
927 605 1072 683 cognitam
1092 601 1171 664 illam
1198 609 1227 662 et

120 723 286 797 adhibitam,
310 729 342 780 ut
364 720 506 792 nouimus,
530 715 566 776 ab
589 713 673 774 Ennii
695 714 829 793 aequale,
852 713 973 774 (latone.
1018 710 1064 772 ct.
1089 710 1227 786 Schwcg·

26 835 38 852 “
125 831 208 890 lerus
231 827 251 888 l.
273 828 293 888 l.
317 847 346 908 p.
369 826 441 886 410.
466 822 541 902 Quid
564 821 677 900 igitur?
698 821 743 882 Ne
767 830 846 882 certa
874 819 1078 882 incertioribus
1096 817 1162 894 regi
1180 823 1232 877 aut·

123 934 219 994 euerti
239 932 393 1010 patiamur,
425 931 533 992 Ennius
554 928 698 1008 putandos
725 936 771 986 est
806 929 908 988 nescio
938 926 1041 1008 quibus
1069 924 1228 988 rationibus

124 1046 173 1098 aut
195 1055 279 1117 quern
300 1039 480 1117 potissimum
503 1047 652 1098 auctorem
671 1043 788 1096 secutus
817 1044 950 1116 tempore
978 1045 1034 1096 tam
1066 1033 1228 1092 remouisse

127 1142 234 1204 Troiae
254 1143 443 1205 calamitatem
467 1163 550 1224 quam
575 1143 686 1204 Romae
710 1143 865 1222 primordia
888 1143 1081 1222 promouisse.

209 1248 311 1330 ltaque
333 1259 364 1310 ut
386 1251 488 1312 redeat
510 1253 627 1326 tandem
650 1251 726 1312 unde
752 1249 873 1310 dellexit
897 1249 1007 1323 oratio,
1031 1246 1084 1307 llia
1106 1264 1161 1326 per
1188 1246 1229 1305 ia·

123 1356 237 1418 miliare
262 1355 330 1416 hnic
352 1363 460 1436 poetae
479 1359 582 1418 somnii
598 1359 750 1420 artilioinm
763 1357 954 1418 calamitatem
967 1354 1121 1433 praeuidet
1133 1372 1229 1414 snam:

124 1481 209 1543 quam
238 1463 380 1546 deinceps
408 1471 498 1543 poeta
529 1466 593 1544 ipse
622 1465 764 1527 narrauit:
795 1480 853 1522 non
878 1461 952 1522 adeo
981 1479 1071 1540 parce
1100 1460 1230 1523 Ouidium

124 1571 148 1630 si
182 1570 263 1630 audis
295 1568 381 1632 Trisi.
413 1571 439 1632 li
472 1570 550 1634 259:
588 1578 736 1648 sumpserit
764 1575 895 1634 annales:
927 1571 1008 1642 (nibai
1036 1579 1076 1628 eoi
1099 1571 1232 1628 hirsutius
1302 1652 1304 1658 .
1390 1621 1392 1625 .

124 1681 212 1748 iiiior)
246 1681 334 1738 Facto
364 1685 400 1738 sit
431 1685 504 1738 unde
529 1697 639 1755 porcus
664 1680 719 1736 Ilia
742 1697 840 1754 nempe
871 1683 939 1754 lepet
961 1673 1112 1755 (XXXV).
1151 1673 1231 1734 lliam

127 1779 278 1842 Vestalem
302 1783 394 1844 luisse
417 1781 523 1844 Cicero
547 1784 583 1845 de
606 1784 663 1844 diu.
688 1782 700 1843 l
722 1783 774 1861 20,
796 1785 836 1845 40
864 1783 985 1860 indicat,
1016 1783 1045 1842 in
1067 1798 1153 1861 quern
1174 1798 1231 1840 non

128 1887 181 1949 luit
203 1890 298 1968 ipsum
320 1907 424 1950 nomen
447 1889 518 1952 lliae
540 1892 731 1953 coniectando
752 1889 941 1952 inferendum.

213 1995 283 2056 Post
304 2006 416 2075 partum
436 1999 465 2057 in
486 1996 612 2059 Tiberim
635 1999 819 2079 praecipitari
842 1996 957 2058 iubetur
978 2014 1083 2074 aroge
1101 1995 1230 2056 Albano·

127 2120 189 2163 rum
215 2102 350 2180 Amulio,
377 2105 526 2183 inquom,
557 2114 668 2166 uteret
688 2105 860 2166 tralaticium
879 2122 932 2184 per
959 2104 1070 2188 ltaliam
1097 2113 1231 2180 tyranno·

131 2227 193 2270 rum
215 2227 330 2287 nomen,
352 2210 475 2272 Ennium
496 2230 614 2293 quoque
640 2214 751 2288 tyranni
775 2213 857 2272 uices
884 2211 1044 2272 contulisse
1070 2209 1232 2292 Porphyrio

129 2316 158 2374 in
177 2314 247 2376 llor.
273 2314 368 2378 Carm.
391 2315 455 2394 12,
482 2318 519 2380 18
542 2320 626 2379 testis
649 2329 694 2381 est
716 2316 909 2398 (xxxviii).
953 2317 1045 2380 Ennio
1068 2321 1234 2400 praeiuerat

129 2421 275 2500 Naeuius,
308 2425 333 2484 si
362 2442 432 2484 uera
463 2434 523 2502 est,
555 2444 638 2505 quam
661 2426 836 2487 Niebubrius
862 2425 934 2484 Hist.
964 2423 1048 2486 Rom.
1076 2428 1089 2488 l
1118 2447 1147 2509 p.
1174 2428 1233 2490 120

131 2529 277 2608 probauit,
297 2528 451 2591 Hermanni
473 2529 567 2592 Elem.
591 2533 684 2593 doctr.
708 2542 792 2594 metr.
819 2550 848 2612 p.
871 2531 929 2592 631
956 2533 1134 2596 coniectura.
1173 2534 1233 2594 Sed
1256 2573 1261 2586 ·

130 2637 155 2696 is
177 2654 262 2716 quam
286 2656 350 2698 nam
378 2639 561 2716 cognationis
591 2641 729 2701 rationem
752 2657 815 2700 oum
842 2639 944 2700 Aenea
967 2647 996 2698 et
1017 2638 1069 2701 llia
1091 2640 1233 2716 babuerit,

130 2745 197 2805 mibi
223 2745 393 2822 obscurum,
418 2755 449 2806 ut
470 2745 522 2805 luit
545 2745 705 2808 Niebubrio
724 2745 797 2806 illst.
821 2745 903 2806 Rom.
923 2744 983 2825 lp.
1005 2745 1074 2807 120.
1108 2747 1152 2806 lle
1176 2764 1233 2826 quo
1316 2729 1319 2738 ⁸

132 2854 227 2912 missis
239 2853 359 2912 aliorum
376 2854 544 2912 commentis
567 2871 650 2913 uuam
661 2852 782 2930 llbergii
799 2855 855 2914 mei
879 2840 1069 2931 suspitionem
1086 2855 1232 2932 attingam,

133 2957 274 3020 Amulium
297 2959 457 3020 Ennianum
485 2972 553 3020 esse
574 2951 695 3022 Aeneae
724 2960 812 3021 lilium
841 2959 1011 3018 conicientis
1026 2977 1055 3038 p.
1076 2959 1125 3022 26.
1170 2960 1234 3021 lloc

132 3066 207 3126 cnim
227 3065 428 3145 Apollodorus
451 3067 479 3125 in
501 3065 652 3129 Euxenide
671 3068 762 3148 (apud
783 3065 900 3126 Festum
923 3083 951 3144 p.
976 3064 1037 3126 206
1056 3066 1111 3146 Μ.)
1141 3074 1234 3126 Aeaeo

131 3184 157 3232 et
183 3178 301 3234 Lauinio
327 3186 408 3234 notos
431 3179 579 3252 Mayllem,
604 3178 728 3246 Malum,
752 3177 941 3250 Rbomumquc
965 3185 1046 3250 atque
1066 3177 1101 3231 ab
1120 3177 1236 3232 ¹Rbomo
1267 3229 1270 3236 .

131 3283 195 3338 urbi
221 3288 337 3338 tractum
361 3299 469 3341 nomeu.
503 3280 668 3342 blonstrosa
686 3281 800 3341 nomina
821 3290 908 3359 atque
930 3281 1069 3351 inaudita,
1095 3277 1235 3357 equibus

131 3383 182 3444 ille
205 3385 357 3446 adiuuante
371 3387 526 3449 Plutarcho
543 3387 656 3449 Romuli
673 3407 698 3449 c.
721 3387 739 3447 2
762 3388 793 3450 οἱ
811 3384 857 3463 ti,
880 3385 1023 3466 Αἰμιλίαν
1042 3375 1098 3467 τὴν
1116 3383 1236 3446 Αἰνείου

133 3490 184 3550 uui
199 3493 362 3571 Λαβινίας,
381 3487 464 3575 ”Apu
486 3495 713 3576 συγγενομένην,
738 3492 882 3554 subtiliter
902 3493 977 3554 bueo
998 3499 1092 3555 Aenea
1111 3505 1136 3554 et
1151 3477 1235 3552 Loui—

133 3604 181 3656 nio
209 3608 289 3658 notos
310 3604 467 3673 Aemiliam,
494 3606 629 3662 Amulium
655 3617 680 3660 e.
702 3617 730 3678 q.
754 3618 778 3659 s.
803 3598 934 3661 elicuit*.
975 3599 1076 3679 ltaque
1099 3619 1115 3660 e
1138 3599 1236 3658 Latina

135 3702 199 3780 (nel
215 3705 312 3782 potios
325 3701 452 3783 Albana)
470 3707 594 3783 coniuge
611 3707 647 3766 ab
661 3705 762 3766 Aenea
778 3717 944 3787 susceptum
956 3705 1099 3766 Amulium
1116 3705 1236 3765 arbitra-

134 3817 189 3868 tur.
226 3807 263 3870 Ni
284 3811 384 3870 mirum
398 3809 446 3870 nbi
464 3829 481 3871 e
500 3811 612 3890 uulgari
631 3816 793 3875 narratione
814 3814 999 3874 intercalatae
1013 3812 1147 3874 consulto
1163 3812 1236 3872 inter

133 3915 262 3976 Aeneam
286 3927 315 3976 ct
332 3916 475 3977 Amulium
498 3928 610 3980 aetates
634 3922 806 3997 exemeris„
822 3921 952 3982 Amulius
974 3923 1001 3982 in
1024 3921 1119 3980 locum
1143 3917 1235 3994 sunu,

133 4020 254 4084 Aeneae
275 4042 291 4082 e
315 4023 414 4084 Latina
437 4042 527 4084 uxore
548 4027 614 4104 0111,
638 4028 778 4088 succedit.
818 4027 857 4088 At
876 4047 911 4088 ea
934 4030 1045 4088 ratione
1068 4045 1131 4086 oum
1148 4044 1236 4106 quoe·

204 4293 307 4346 *idem
334 4299 410 4348 uideo
436 4297 623 4364 Schweglernm
648 4299 712 4350 Hist.
741 4301 813 4350 Rom.
838 4303 847 4350 l
870 4317 896 4366 p.
926 4299 976 4350 402
1005 4301 1158 4364 certissime,
1188 4301 1237 4348 nisi

135 4383 204 4444 quod
221 4385 247 4432 in
265 4383 366 4434 Mulus
385 4385 534 4436 delitescere
553 4387 717 4436 Romulum
736 4385 894 4452 probabilius
906 4386 943 4436 illi
961 4387 1070 4437 uidetur.
