2984 5032
258 437 343 484 xxrv
654 425 960 498 QVAESTIONES

259 599 330 661 sede
355 596 499 672 admisso,
528 611 585 655 non
607 595 749 676 aptiorem
772 596 974 672 occasionem,
1007 615 1091 678 qnam
1122 607 1152 660 ot
1177 599 1217 660 ab
1253 598 1390 660 Homeri

257 707 412 768 simulacro
432 702 607 783 proferatur,
627 701 761 781 dispicio.
805 699 949 764 Caeruleo
972 705 1046 764 enim
1072 723 1197 786 corpore
1226 707 1388 768 cortinam

257 812 338 888 dicit,
356 810 384 870 ni
398 809 496 886 fallor,
516 808 638 885 caelum,
658 805 671 844 'i
681 809 788 869 circum
805 826 950 890 supraque
963 812 1041 891 quod
1059 813 1217 894 complexu
1238 813 1388 874 continet

257 918 386 996 terram',
408 927 439 978 ut
460 935 478 978 e
497 915 623 978 Pacuuio
644 913 738 976 Varro
760 915 855 977 adfert
876 915 914 978 de
934 917 965 977 l.
988 915 1019 978 L.
1041 918 1068 978 V
1092 920 1130 982 17
1150 919 1188 980 ll.
1220 937 1266 982 eo
1296 920 1385 994 loco,

258 1027 309 1106 qui
332 1025 414 1106 plura
436 1022 525 1084 habet
547 1041 621 1103 qnae
645 1041 710 1084 cum
731 1021 868 1084 Ennianis
890 1034 1050 1102 congruant
1072 1027 1238 1088 sententiis.
1286 1023 1384 1087 Gete-

259 1151 338 1211 rum,
357 1141 389 1194 m
409 1131 467 1192 lroc
486 1131 561 1192 nunc
588 1131 682 1193 dicam
710 1132 854 1210 apertius,
885 1129 963 1210 quod
991 1131 1028 1194 ab
1059 1131 1093 1192 0.
1123 1131 1297 1211 lloellero,
1332 1133 1385 1212 qni

147 1305 154 1318 ,
259 1242 381 1321 egregia
402 1257 518 1300 uersum
539 1237 618 1298 illum
636 1238 784 1313 emendat,
809 1238 869 1299 uitii
891 1236 1033 1315 originem
1054 1257 1153 1318 parom
1175 1249 1383 1320 perspectam
1472 1245 1473 1254 ’

259 1367 327 1410 esse
347 1345 521 1426 signiiicani:
540 1361 598 1405 non
613 1340 754 1404 credibile
770 1351 826 1420 est,
846 1345 913 1406 milri
930 1344 1056 1423 quidem,
1078 1349 1107 1407 in
1121 1346 1166 1407 lris
1185 1345 1384 1426 corruptelis

258 1475 382 1536 paceque
402 1462 430 1516 in
456 1452 548 1516 latere
574 1471 645 1530 pune
665 1469 758 1512 caua:
787 1458 887 1512 contra
909 1471 981 1513 caua
1003 1452 1194 1542 uocabulum,
1225 1469 1295 1534 quo
1314 1469 1381 1512 om·

258 1565 325 1626 nino
349 1562 443 1624 careri
464 1577 521 1621 non
538 1577 629 1639 posse
650 1557 744 1620 Varro
768 1556 912 1636 ostendit,
941 1577 959 1620 e
980 1579 1068 1622 cauea
1097 1578 1173 1622 uoce
1195 1559 1292 1622 elicio
1318 1559 1378 1638 (ei.

258 1671 332 1732 Ann.
362 1667 445 1748 420)
485 1685 520 1728 ac
553 1683 604 1726 sua
637 1663 709 1725 sede
743 1665 819 1726 unde
846 1675 978 1730 cesserat
1011 1683 1143 1745 repono:
1179 1687 1316 1747 preceque
1348 1674 1379 1728 in

259 1787 355 1840 autem
381 1793 439 1836 non
461 1774 566 1835 distant
593 1772 656 1833 lere
684 1770 721 1832 ab
748 1771 794 1832 lris
826 1791 900 1852 quae
922 1781 987 1832 sunt
1004 1792 1074 1849 pam
1094 1791 1190 1852 wem,
1216 1794 1301 1854 quae
1329 1784 1378 1838 est

258 1903 311 1962 pce
336 1882 461 1944 uoculae
495 1878 699 1958 dittographia.
749 1877 781 1939 ln
819 1889 950 1940 extremo
979 1880 1151 1958 prohoemio
1187 1882 1376 1944 conlocatus

258 1990 311 2052 init
337 2005 457 2065 nereus,
497 2003 553 2068 quo
577 1987 694 2047 Persius
722 1975 815 2046 utitur'
834 1985 894 2048 Sat.
918 1987 954 2063 6,
983 1985 1131 2068 9(XV)‚
1166 2007 1253 2067 quem
1287 1991 1374 2070 quod

259 2096 386 2157 editores
403 2095 514 2155 somnio
532 2101 729 2173 praeponunt,
749 2091 907 2154 oscitanter
922 2091 1050 2155 Persium
1065 2095 1240 2175 inspexere,
1262 2099 1319 2177 qni
1336 2097 1375 2158 ab

260 2211 435 2282 experrecto
460 2209 547 2280 poeta
562 2190 688 2280 ‘portum
703 2199 808 2260 Lunae’
833 2199 943 2261 laudari
964 2201 1100 2262 indicauit
1115 2213 1235 2282 aperte:
1259 2205 1291 2265 in
1309 2219 1372 2283 quc

259 2318 345 2392 portu
363 2306 483 2368 Ennium
505 2303 575 2365 illud
595 2301 726 2365 mirabile
747 2306 886 2366 somnium
907 2309 1016 2372 uidisse
1039 2311 1177 2372 conicias.
1214 2309 1261 2372 De
1286 2309 1371 2372 Luna

259 2417 326 2497 quid
348 2423 465 2476 ueteres
480 2411 657 2487 tradiderint,
676 2409 742 2470 uide
758 2411 786 2470 in
797 2409 831 2470 0.
843 2410 937 2475 lahnii
953 2416 989 2478 ad
1000 2417 1129 2478 Persium
1143 2417 1369 2478 commentario.

343 2523 410 2604 Ipsa
433 2521 558 2582 narratio
581 2517 730 2580 exorditur
749 2536 765 2578 a
787 2517 1023 2584 rebusdeneae:
1049 2524 1084 2586 ad
1107 2541 1193 2604 quem
1208 2539 1285 2603 quoe
1298 2541 1369 2604 per·

259 2632 350 2692 tinent
371 2636 420 2690 aut
443 2627 593 2688 uideantur
605 2627 753 2706 pertinere
771 2627 932 2704 fragmenta
954 2629 1040 2693 hodie
1059 2631 1256 2710 duodeuiginti
1273 2648 1378 2716 snper¹

260 2745 326 2800 sunt
348 2731 624 2814 (xvl-xxxlnp
662 2729 771 2792 Eorum
793 2752 897 2811 agmen
913 2735 1049 2815 ducitis,
1073 2757 1159 2817 quern
1174 2745 1204 2797 et
1219 2737 1289 2798 olim
1306 2739 1365 2818 pri·

260 2863 335 2906 mom
357 2842 447 2903 inisse
469 2837 640 2899 narrationis
662 2840 778 2917 opinor,
800 2857 903 2902 uersus
925 2860 941 2902 a
963 2843 1111 2907 Prisciano
1135 2843 1177 2905 lll
1203 2863 1231 2923 p.
1252 2843 1316 2905 607
1331 2841 1363 2903 Ρ.

260 2951 392 3014 laudatus
416 2943 526 3026 (xvi),
560 2945 641 3004 cuius
662 2954 693 3005 ut
714 2945 801 3026 plana
824 2957 868 3008 est
891 2935 1051 3028 sententia,
1070 2953 1108 3014 ita
1131 2968 1187 3012 non
1209 2951 1316 3012 diutius
1335 2951 1364 3008 in

260 3055 366 3118 Troiae
386 3054 466 3114 ruina
488 3059 694 3114 commoratum
718 3060 835 3132 poetam
850 3053 986 3115 ostendit.
1050 3056 1194 3118 Anchises
1212 3076 1228 3118 a
1243 3057 1363 3119 Venere

260 3163 382 3225 edoctus
406 3161 525 3241 patriam
544 3157 623 3218 iubet
642 3159 766 3240 relinqui
790 3161 918 3242 (Xllll):
941 3163 980 3224 ita
1003 3180 1105 3224 uersus
1126 3167 1256 3245 accipio,
1286 3181 1363 3244 quos

258 3272 327 3334 olim
345 3285 498 3350 perperam
520 3264 740 3344 intellegebant,
764 3287 798 3330 ac
819 3270 899 3330 lauet
918 3271 1091 3347 sententiae,
1110 3272 1188 3351 qnod
1204 3271 1362 3348 Dionysius

257 3375 522 3438 Halicarnassensis
543 3373 640 3453 Antiq.
668 3372 750 3434 Rom.
774 3375 849 3438 148
880 3396 909 3456 p.
936 3375 994 3437 120
1018 3376 1119 3438 Reisk.
1144 3380 1181 3440 de
1205 3379 1362 3458 Sophoclis

258 3481 426 3544 Laocoonte
456 3479 557 3557 tradit,
587 3483 766 3558 quantumuis
790 3485 962 3562 ceteroquin
991 3503 1026 3544 ea
1053 3485 1204 3562 tragoedia
1229 3486 1317 3546 distet
1344 3505 1361 3546 a

259 3589 397 3652 memoria
428 3585 526 3648 Ennii:
566 3589 724 3666 Σοφοκλῆς
751 3583 805 3666 μὲν
830 3580 847 3650 ὁ
880 3586 1098 3677 τραγῳδοποιὸς
1127 3591 1159 3654 ἐν
1186 3585 1361 3654 Λαοκόωντι

259 3690 386 3780 δράματι
398 3686 557 3774 μελλούσης
570 3686 743 3756 ἁλίσκεσθαι
751 3697 803 3776 τῆς
816 3691 927 3772 πόλεως
940 3699 1078 3778 πεποίηκε
1093 3691 1273 3763 κὸνΑλνελοο
1286 3689 1357 3760 οἶνο-

258 3794 471 3880 σκεοαζόμενον
488 3799 528 3874 εἰς
547 3794 601 3880 τὴν
618 3793 716 3880 Ἴδην,
742 3801 936 3865 κελευσθέντα
951 3794 1011 3868 ὑπὸ
1026 3810 1078 3868 τοῦ
1100 3799 1209 3887 πατρὸς
1229 3799 1361 3885 Ἀγχίσου

259 3897 351 3972 κατὰ
371 3899 437 3988 τὴν
459 3901 607 3988 μνήμην
630 3896 886 3990 ὧνἈφροδλτη
907 3908 1090 3991 ἐπέσκηψε
1158 3910 1260 3992 Habeo
1273 3930 1359 3992 prae·

258 4024 341 4076 terea
362 4014 418 4076 duo
442 4032 517 4094 quae
539 4013 575 4074 ad
590 4012 746 4074 Anchisam
763 4014 888 4077 referam
901 4017 1081 4095 fragmenta,
1106 4020 1151 4080 cui
1171 4022 1301 4081 exoranti
1318 4023 1357 4080 in·

259 4121 420 4200 etantique,
448 4129 479 4182 ot
501 4138 571 4181 suae
590 4121 752 4180 auctoritati
775 4121 859 4184 cedat
879 4123 1015 4202 Aeneas,
1039 4127 1176 4188 conuenit
1194 4126 1229 4187 ir.
1247 4126 1356 4188 Xlllll:

236 4237 289 4290 'et
316 4247 353 4288 ex
380 4228 499 4289 incertis
529 4245 586 4288 non
614 4227 795 4288 incommoda
821 4230 876 4308 ipsi
904 4233 1039 4292 uaticinio
1063 4234 1206 4294 sententia
1227 4238 1278 4294 sed
1297 4239 1355 4296 eote

258 4347 398 4397 terrarum
414 4345 561 4414 postquam
582 4355 733 4412 permenso
753 4354 912 4414 parumper
936 4339 1013 4416 (inc.
1044 4338 1105 4400 aed.
1130 4338 1181 4418 l):
1215 4358 1355 4419 quamne
