2984 5032
507 1037 927 1159 rnrnrnrro,

237 1352 279 1434 Q.
306 1353 407 1420 Ennii
430 1356 557 1442 poesim
582 1375 642 1441 per
666 1353 841 1419 multorum
865 1354 967 1421 libros
997 1354 1178 1442 dispersam
1207 1353 1263 1440 qui
1294 1337 1295 1341 ¹

151 1471 187 1535 in
213 1491 315 1536 unum
339 1471 504 1558 conligere
533 1481 565 1537 et
592 1472 762 1538 emendate
787 1474 924 1560 scriptas
951 1473 1128 1560 particulas
1154 1475 1190 1536 in
1215 1472 1263 1535 in-

152 1588 305 1672 tegrioris
327 1589 470 1676 aliquam
483 1592 629 1676 corporis
642 1592 784 1676 speciem
802 1598 986 1656 restaurare
1000 1589 1098 1656 hodie
1115 1610 1264 1677 suscepe-

153 1707 210 1788 rit,
232 1706 261 1769 is
282 1726 401 1772 uereor
414 1716 450 1772 ut
463 1690 613 1796 cuiquam
627 1717 682 1776 aut
696 1730 974 1796 superuacaneum
989 1707 1133 1774 laborem
1155 1705 1264 1772 subire

154 1831 211 1889 aut
236 1823 497 1910 intempestiuam
524 1827 687 1890 insumere
714 1848 845 1914 operam
872 1825 1034 1892 uideatur.
1078 1825 1163 1890 Nam
1191 1848 1264 1891 cum

152 1951 264 2008 nostra
282 1942 411 2008 demum
433 1951 522 2008 aetas
544 1945 640 2009 etiam
655 1945 896 2028 remotissimis,
919 1966 1002 2032 quae
1024 1943 1080 2010 diu
1095 1946 1264 2031 neglectae

152 2063 317 2145 iacebant,
340 2060 520 2129 litterarum
540 2063 760 2128 Romanarum
781 2063 929 2152 partibus
952 2073 1138 2150 exoptatam
1158 2065 1264 2130 lucem

80 2257 84 2264 ¹
154 2181 313 2262 attulerit,
345 2187 414 2244 tum
443 2182 648 2270 superiorum
675 2182 777 2247 Ennii
809 2181 988 2247 editionum
1019 2183 1079 2246 uix
1109 2181 1178 2246 ulla
1205 2189 1264 2265 est,

154 2321 237 2386 quae
260 2296 421 2363 desiderio
436 2297 547 2384 paullo
570 2301 727 2365 seueriori
750 2301 829 2365 satis
843 2300 953 2365 faeere
973 2300 1088 2387 possit.
1131 2299 1265 2364 Etenim

153 2439 194 2482 ne
222 2416 301 2503 quid
325 2417 470 2503 iniquius
499 2417 541 2482 de
567 2417 862 2504 Stephanorum
889 2439 968 2483 cura
993 2417 1152 2500 iudicem,
1184 2437 1294 2504 quos=

154 2535 368 2623 conquirendi
403 2533 573 2600 Ennianus
611 2535 767 2623 reliquias
806 2536 935 2599 initium
971 2535 1090 2600 fecisse
1128 2541 1265 2617 constat,

152 2657 207 2719 uel
227 2655 300 2741 ipsa
324 2653 543 2720 Columnae
565 2652 739 2718 laudabilis
762 2653 925 2719 industria
945 2655 1081 2718 multum
1102 2653 1200 2737 afuit,
1230 2661 1267 2718 ut

153 2773 278 2854 omnia,
310 2776 394 2858 quae
422 2771 458 2834 in
478 2770 541 2836 hoc
561 2791 688 2858 genere·
703 2774 864 2858 praestari
891 2771 1047 2855 debeant,
1077 2771 1265 2837 confecerit.

152 2890 197 2956 Ni
218 2891 337 2955 mirum
358 2889 569 2976 interpretem
589 2899 656 2956 tam
674 2913 783 2956 rerum
803 2913 900 2978 quam
920 2889 1072 2955 dictionis
1094 2889 1267 2955 Ennianae

153 3030 213 3095 pro
233 3008 292 3072 illa
313 3007 445 3096 quidem
467 3017 573 3074 aetate
597 3011 728 3095 egregie
750 3031 785 3074 se
807 3011 925 3094 gessit,
955 3011 1102 3075 criticam
1125 3032 1266 3096 operam,

118 3183 120 3187 .
155 3147 220 3214 qua
239 3127 390 3192 maxime
403 3125 598 3213 indigebant
617 3127 653 3190 hi
673 3147 806 3210 uersus,
834 3149 951 3212 parum
976 3127 1101 3192 intente
1123 3130 1267 3211 nauauit,
1348 3201 1355 3210 ¹

154 3265 216 3310 nec
241 3244 312 3310 fere
347 3245 456 3331 attigit
487 3243 682 3332 disponendi
710 3265 749 3308 ac
775 3245 952 3330 probabili,
990 3266 1054 3332 quo
1084 3247 1162 3311 olim
1189 3245 1269 3310 fuis·

155 3371 228 3428 sent
247 3364 377 3447 ordine,
407 3362 599 3429 conectendi
623 3363 807 3450 fragmenta
829 3361 983 3427 officium.
1028 3363 1143 3452 Neque
1164 3365 1269 3451 isqui

153 3483 331 3569 repetendo
363 3481 542 3548 Columnae
577 3483 662 3548 libro
697 3481 840 3569 praefuit
873 3480 1111 3565 Hesselius,
1147 3504 1270 3548 nouare

156 3602 329 3688 quicquam
350 3601 386 3665 in
407 3601 549 3666 auctoris
572 3622 670 3689 opere
691 3599 848 3683 instituit3
871 3600 1130 3685 supplementum
1144 3608 1271 3664 tantum

154 3720 230 3785 huic
250 3740 357 3785 nouae
384 3717 519 3782 editioni
539 3719 650 3784 uarias
672 3716 872 3782 eruditorum
899 3720 935 3782 in
956 3719 1101 3783 Ennium
1123 3727 1216 3783 notas
1239 3728 1271 3783 et

157 3839 388 3924 castigationes
412 3837 561 3902 subiecit.

239 3957 376 4020 Praeter
400 3956 475 4021 illos
504 3964 612 4020 autem
634 3976 746 4037 nemo,
776 3975 859 4042 quae
886 3953 1048 4020 de'Ennii
1071 3955 1271 4032 carminibus
1388 3995 1395 4001 -

155 4097 253 4162 super
273 4081 365 4157 sunt,
392 4075 502 4141 omnia
523 4072 785 4162 comprehendit:
815 4073 873 4138 sed
891 4074 1010 4159 tragici
1033 4073 1181 4159 epicique
1202 4081 1272 4137 tan-

154 4203 224 4260 tum
246 4193 377 4279 generis
398 4192 595 4281 particulae,
626 4193 661 4257 in
681 4191 762 4257 duos
787 4193 881 4278 quasi
902 4213 1079 4278 granorum
1100 4191 1270 4257 aceruulos

30 4361 43 4367 -
155 4312 337 4393 conlectae,
374 4311 599 4376 tractabantur
631 4311 778 4374 seorsim.
833 4312 884 4375 Ac
916 4310 1106 4396 tragoediae
1141 4309 1272 4396 quidem

154 4428 318 4518 reliquiis,
345 4429 381 4495 in
408 4431 608 4518 tragicorum
629 4427 822 4494 Latinorum
844 4450 979 4517 corpore
1007 4428 1164 4516 receptis,
1195 4426 1273 4492 olim
