3112 5040
614 442 856 516 RELIQVIAE
1248 445 1290 510 ³3

283 609 416 682 Virtute
439 612 656 704 experiamur.
695 613 737 684 nt
755 615 819 684 boc
840 615 938 686 simul
960 615 1072 707 accipe
1094 617 1232 689 dictum:

193 723 256 785 205
283 713 432 799 Quorum
453 717 584 788 uirtutei
606 717 680 787 belli
702 719 836 788 fortuna
853 720 1009 811 pepercit,

282 818 471 890 Eorundem
494 820 633 890 libertati
656 842 708 890 me
728 844 864 913 parcere
886 827 1009 894 certum
1028 828 1089 894 est.

283 920 378 991 Dono
399 923 507 993 ducite
529 924 639 1016 doque
661 923 850 995 uolentibus
872 949 948 996 curn
969 927 1101 1019 magnis
1121 926 1183 996 dis.

679 1058 761 1128 XIV
775 1058 791 1096 *

283 1175 356 1259 Quo
375 1176 471 1246 uobis
491 1183 618 1248 mentes
643 1183 752 1248 rectae
776 1202 861 1271 quae
878 1183 967 1249 stare
987 1180 1138 1250 solebant
1207 1235 1210 1240 ,

282 1278 448 1365 Antehac,
477 1281 637 1366 dementis
657 1303 734 1352 sese
755 1282 880 1352 flexere
902 1283 990 1353 uiail

701 1418 769 1487 XV

193 1541 254 1602 210
284 1533 351 1603 Sed
374 1534 452 1627 quid
474 1557 541 1628 ego
565 1536 617 1606 hic
638 1537 747 1607 animo
770 1537 954 1609 lamentor?

775 1672 791 1710 ss

283 1768 405 1842 Orator
424 1775 495 1844 sine
516 1797 599 1866 pace
623 1674 869 1873 rediiiigique
890 1777 990 1848 refert
1012 1797 1092 1844 rem.

688 1913 784 1984 XVII

282 2065 291 2082 .
346 2025 365 2081 .·
407 2013 459 2080 ast
479 2012 587 2082 animo
609 2021 768 2106 superant
786 2019 885 2109 atque
905 2037 1025 2107 aspera
1045 2013 1151 2105 prima

281 2113 431 2184 Volnera
453 2114 529 2184 belli
548 2116 761 2209 despemunt.

180 2316 274 2377 estqui
288 2316 337 2364 ait:
358 2315 402 2365 olli
418 2319 555 2368 cernebant
566 2320 667 2385 magnis
680 2319 712 2369 de
725 2320 802 2370 rebus
813 2327 927 2384 agentes.
955 2326 980 2367 et
993 2317 1074 2368 idem:
1092 2316 1160 2366 ferro
1229 2315 1293 2363 utri-

180 2385 247 2446 que.'
283 2385 354 2435 Idem
368 2387 394 2435 in
411 2388 472 2436 Aen.
486 2388 511 2436 X
522 2387 573 2440 532
597 2390 697 2454 ‘gnatis
709 2405 786 2454 parce
804 2391 870 2438 tute:
889 2402 986 2452 parce
1002 2395 1087 2436 autem
1099 2395 1137 2434 est
1152 2385 1292 2434 secundum

178 2455 295 2516 antiquos
310 2470 394 2515 serua,
409 2464 436 2505 ut
452 2457 521 2521 apud
530 2457 658 2507 Lucilium
672 2466 696 2507 et
709 2459 818 2508 Ennium
832 2457 978 2506 inuenitur.’
1006 2454 1080 2504 Vnde
1092 2454 1224 2504 liberalius
1238 2453 1292 2502 edi-

177 2531 245 2572 tores
259 2525 386 2574 nersiculo
401 2527 444 2587 qui
459 2526 569 2590 Vergilii
584 2535 623 2574 est
637 2527 747 2575 Ennium
769 2526 964 2591 locupletarunt.
997 2525 1154 2588 Pomponius
1172 2524 1198 2571 in
1212 2523 1290 2586 Verg.

179 2595 243 2641 Aen.
257 2594 333 2642 11112
352 2598 426 2642 ‘cum
440 2596 532 2642 sociis:
550 2610 641 2644 uersus
654 2603 692 2643 est
707 2596 783 2644 Ennii
798 2605 822 2644 et
838 2604 896 2643 sunt
908 2595 987 2643 uerba
997 2592 1106 2658 Pyrrhi.⁹
1132 2591 1205 2651 Quod
1219 2591 1293 2639 sebo-

178 2662 231 2710 liun
253 2661 364 2712 adhaec
383 2670 481 2712 tuntum
495 2672 636 2725 quaesunt
654 2665 782 2730 magnis
801 2664 851 2714 dis
873 2664 1000 2729 pertinere
1017 2661 1143 2712 intellexit
1156 2661 1293 2724 Philippus

178 2731 323 2795 Wagnerus
393 2732 455 2780 XIV
480 2732 567 2782 Cicero
589 2732 643 2782 Cat.
664 2735 725 2782 mai.
747 2733 772 2792 6,
794 2732 827 2784 16
847 2733 964 2798 (Appius
979 2727 1115 2794 Claudius)
1141 2734 1213 2778 ‘cum
1235 2744 1292 2778 sen-

177 2801 258 2848 tentia
277 2807 381 2849 senatus
399 2801 533 2851 incIInaret
552 2802 585 2851 ad
605 2817 694 2866 pacem
715 2818 772 2851 curn
785 2802 882 2866 Pyrrho
899 2803 1042 2865 foedusque
1060 2800 1223 2858 laciendum,
1242 2812 1292 2847 non

180 2867 306 2918 dubitauit
323 2869 408 2919 dicere
428 2871 486 2932 illa,
512 2886 576 2933 quae
593 2872 710 2921 uersibus
730 2881 879 2936 persecutus
897 2880 936 2920 est
956 2872 1067 2921 Ennius:
1089 2871 1151 2932 quo'
1174 2886 1198 2918 e.
1219 2884 1243 2930 q.
1269 2883 1289 2916 s.

179 2943 327 3000 ‘ceteraque
345 2939 513 3004 grauissime;
542 2949 629 2990 notum
642 2942 710 2991 enim
725 2941 799 2990 uobis
813 2956 915 2990 carmen
930 2941 986 2990 est’
1057 2939 1106 2988 XV
1131 2938 1245 2988 Donatus
1264 2937 1291 2986 in

178 3007 236 3056 Ter.
257 3008 359 3057 Phorm.
380 3009 404 3057 V
425 3010 484 3068 4,2
508 3013 614 3074 ‘parere
629 3011 729 3060 animo:
754 3019 861 3062 uenuste
882 3010 997 3060 additum
1017 3009 1111 3060 animo.
1147 3007 1244 3056 Ennius
1266 3007 1292 3055 in

178 3083 251 3124 sexto
267 3078 319 3126 ...'
390 3077 452 3128 XVI
470 3081 551 3128 Varro
566 3079 670 3130 deL.L.
685 3080 780 3130 vl141
795 3081 828 3130 M.
848 3081 932 3145 ‘apud
943 3079 1065 3129 Ennium:
1082 3079 1178 3127 orator'
1194 3093 1217 3126 e.
1231 3092 1256 3138 q.
1268 3089 1290 3123 s.

179 3149 305 3196 ‘orator
324 3147 407 3196 dictus
422 3149 453 3198 sb
467 3150 594 3208 oratione3
618 3151 661 3212 qui
675 3151 743 3199 enim
759 3150 839 3200 uerba
853 3149 994 3200 orationum
1010 3148 1115 3198 baberet
1129 3146 1233 3210 publice
1246 3145 1292 3194 ad-

177 3230 269 3271 uersus
291 3231 350 3266 eum
368 3232 416 3279 quo
435 3217 585 3284 legabatur,
609 3219 641 3268 ab
658 3221 771 3268 oratione
790 3228 875 3268 orator
895 3219 996 3268 dictus.’
1032 3216 1162 3266 Oratorem
1176 3213 1290 3272 Cineam,

176 3285 267 3349 Pyrrhi
285 3287 416 3346 comitem,
441 3289 546 3354 agnouit
568 3287 692 3338 Columna
760 3287 834 3337 XVII
853 3287 940 3338 Schol.
962 3288 1056 3336 Veron.
1079 3286 1105 3334 in
1124 3285 1203 3349 Verg.
1225 3283 1289 3332 Aen.

218 3465 271 3518 205
298 3475 453 3536 quorumue
468 3461 567 3516 Bumb.
582 3479 610 3516 a.
628 3477 782 3532 quorumue
798 3460 896 3516 Bamb.
913 3459 929 3514 b
942 3476 978 3514 m.
991 3475 1042 3530 pr.
1058 3458 1146 3514 Bern.
1162 3457 1290 3530 derf.

252 3545 350 3599 uirtute
358 3546 458 3601 Bamb.
471 3562 489 3598 α
500 3546 516 3599 b
528 3548 578 3613 (m.
584 3547 648 3616 pr.)
659 3546 747 3601 Bern.
761 3547 805 3600 ab
817 3545 884 3617 Erf.
897 3545 990 3600 ulrtuti
1002 3545 1087 3598 ceteri
1175 3549 1227 3603 206
1241 3543 1291 3597 bo-

178 3627 297 3683 rundem
310 3628 386 3684 ortt.
401 3644 477 3683 corr.
492 3645 530 3683 ex
542 3630 705 3683 eorundem.
732 3629 775 3701 Cf.
786 3629 982 3684 Lacltmannus
995 3627 1125 3682 adlicer.
1144 3627 1188 3702 VI
1196 3631 1249 3686 456

221 3714 341 3768 libertati
352 3729 396 3766 me
407 3711 612 3768 Lachmannus.
625 3730 669 3766 me
682 3714 800 3768 libertati
810 3714 873 3770 libri
961 3713 1013 3770 207
1026 3711 1070 3766 dis
1081 3711 1144 3766 lt'bn'
1151 3713 1289 3782 plerique.

179 3797 233 3852 diis
245 3797 343 3852 Bamb.
355 3797 370 3852 b
384 3796 459 3852 Oebl.
564 3801 617 3855 208
632 3813 687 3867 qua
703 3798 784 3852 uobis
799 3803 874 3852 reete
889 3793 1150 3851 molesmum
1235 3811 1289 3864 que

177 3922 251 3972 recte
269 3915 339 3972 Gud.
424 3919 477 3974 aba
497 3913 619 3970 dementi
635 3931 665 3970 se
680 3913 823 3971 Mortuos
847 3914 889 3984 (in
903 3915 987 3970 lituro
1001 3928 1077 3974 corr.
1093 3927 1131 3968 ea
1146 3889 1289 3968 dementis

179 4003 279 4068 sese),
311 3999 381 4056 Grrd.
403 4015 468 4056 sese
490 3999 612 4054 dementi
637 3999 711 4054 Oebl.
734 3998 880 4055 dementes
900 4014 964 4054 sese
987 3997 1058 4052 Par.
1085 3997 1231 4051 dementes
1258 4015 1289 4052 se

176 4085 288 4142 Monac.
304 4085 351 4140 bc
436 4084 492 4140 uiai
508 4083 656 4140 Lambinus
670 4085 709 4140 od
719 4084 792 4142 Hor.
806 4085 898 4141 Germ.
911 4082 966 4139 ΙΙΙ
981 4088 1006 4150 5,
1018 4086 1066 4146 45,
1092 4080 1290 4138 hartmannus

179 4171 217 4224 cd
241 4170 328 4226 Luer.
354 4168 439 4228 129.
465 4170 513 4225 uia
534 4168 606 4233 libri,
632 4171 687 4224 nisi
708 4170 782 4241 quod
816 4172 863 4226 uia
892 4184 948 4240 qua
975 4165 1050 4222 Oebl.
1156 4171 1209 4223 212
1243 4171 1289 4220 aut

179 4255 240 4308 cod.
326 4254 419 4309 animo
430 4253 591 4308 Emitte.
606 4255 714 4310 animos
726 4255 785 4322 (uel
794 4255 918 4320 ammas)
935 4251 996 4308 cod.
1082 4266 1184 4322 aspera
1197 4250 1289 4321 prIma

180 4337 345 4394 EKet'lius.
365 4355 418 4410 asp
493 4339 566 4394 rIma
579 4339 638 4394 cod.
655 4340 811 4410 aspernma
825 4339 859 4394 Α.
874 4337 969 4394 Matres
1030 4401 1033 4411 Ι
1074 4340 1127 4394 ms
1158 4335 1287 4402 uolnera]

222 4439 335 4494 Ernuvs.
1062 4429 1082 4492 3
