2984 5048
564 409 806 496 onnrovmn

670 593 698 664 ll

232 713 299 783 Sed
322 711 452 784 sonitus
474 712 564 784 auris
583 711 674 782 meeis
698 710 818 802 pedum
839 706 939 800 pulsu
960 706 1114 799 increpat.
1205 821 1210 831 ι

658 847 700 918 lll

233 965 278 1035 lbi
300 964 378 1058 quid
400 967 479 1058 agal
499 989 612 1036 seeum
635 966 761 1058 cogitat
780 963 876 1054 pardi
897 964 999 1054 puiol.

294 1083 300 1086 .
642 1099 722 1174 IV*

232 1217 336 1302 Quem
356 1218 431 1288 nom
452 1221 485 1287 le
508 1240 585 1290 esse
606 1218 728 1304 dicam,
757 1217 813 1312 qui
832 1217 927 1287 lierda
947 1214 979 1284 in
1000 1213 1134 1284 senecta

467 1346 468 1349 Ἴ
699 1354 715 1391 tl¹

230 1524 238 1539 .
293 1524 300 1541 .
355 1525 363 1540 .
418 1470 475 1562 pol
504 1470 581 1546 milri
615 1355 749 1543 foxum
776 1469 884 1562 megis
914 1489 1000 1538 nune
1032 1443 1238 1562 delil'qnim

138 1683 204 1746 395
231 1673 379 1768 Nomque
406 1699 547 1771 regnum
570 1677 769 1770 stippelebal
784 1594 917 1761 ῗηθίῗυῗῖ
940 1675 1043 1762 scios,
1071 1676 1238 1770 quantoe
1335 1731 1340 1740 .

231 1880 369 1964 Quintis
385 1883 515 1975 opibus,
534 1881 653 1977 qurltus
671 1881 712 1952 de
727 1779 938 1974 reoffscidpsa
954 1833 1087 1951 fortuna
1102 1880 1238 1950 occidat.

631 2034 679 2104 VI
693 2033 734 2072 *tlt

232 2147 370 2220 Teoielo
398 2152 599 2244 prognatus,
628 2151 753 2243 Pelope
782 2152 897 2235 nilus,
934 2149 989 2243 qui
1020 2150 1185 2243 quondam
1198 2149 1240 2260 ⁸d

230 2351 401 2426 Oenomao
421 2378 503 2450 rege
521 2275 909 2449 Hippodameamsssdpllis
929 2359 1083 2425 conclusi
1104 2354 1237 2445 odptiis.

127 2553 268 2606 Theeste
288 2558 350 2608 ...'
383 2557 577 2622 (Thertensi
598 2573 646 2609 ms.
671 2559 751 2608 lunii.
777 2554 923 2621 Thyeste
947 2553 1022 2621 edd.)
1092 2557 1115 2606 Il
1141 2555 1239 2606 Nonius

128 2640 154 2688 p.
168 2626 228 2686 255,
243 2625 277 2676 25
296 2629 463 2690 ‘crepore,
481 2626 566 2678 tertre.
589 2629 686 2678 Ennius
700 2629 727 2677 in
739 2627 851 2691 Thyeste
865 2626 912 2676 ...’
981 2627 1016 2676 111
1033 2624 1131 2676 Nonius
1141 2641 1168 2692 p.
1177 2625 1238 2686 369,

129 2694 163 2744 26
181 2698 188 2720 ⁴
196 2710 213 2759 p
222 2704 334 2754 utare,
354 2697 439 2744 animo
453 2696 586 2762 disputare
652 2699 749 2748 Ennius
761 2695 873 2760 Thyeste
887 2730 909 2747 ..
919 2695 942 2743 .’
1013 2697 1048 2748 tv
1064 2695 1153 2748 Cicero
1168 2695 1237 2746 Oret.

129 2763 171 2824 55,
188 2763 237 2814 1⁸4
262 2767 431 2828 ‘quamquem
445 2766 521 2815 etiam
535 2782 551 2815 o
562 2767 646 2817 modis
659 2766 812 2830 quibusdam
830 2773 906 2816 centu
920 2773 1016 2815 remoto
1029 2766 1113 2816 solute
1129 2781 1186 2816 esse
1199 2766 1239 2816 ui-

129 2832 217 2882 dentur
237 2835 317 2883 oratio
402 2848 509 2896 quorum
527 2836 623 2887 similia
637 2845 695 2887 sunt
713 2835 839 2902 quaedam
856 2836 932 2886 etiem
945 2836 1015 2900 apud
1030 2843 1145 2896 nostros,
1168 2836 1238 2886 uelut

130 2900 172 2951 ille
192 2903 218 2951 in
232 2903 342 2966 Thyeste
364 2899 437 2970 [393]
460 2912 484 2954 et
503 2919 569 2966 quoe
591 2914 744 2970 sequuntur:
765 2921 843 2968 quoe,
863 2905 913 2955 nisi
932 2920 989 2956 oum
1008 2906 1102 2957 tibicen
1120 2906 1237 2966 occessit,

129 2972 249 3022 orationis
262 2981 320 3022 sunt
338 2972 436 3022 solutae
453 2973 604 3025 simillima!
636 2975 675 3026 ct.
692 2975 789 3026 Nonius
801 2991 829 3040 p.
842 2972 904 3035 336,
918 2973 952 3024 31
972 2976 1072 3026 ‘Vorro
1092 2970 1158 3040 περὶ
1176 2963 1238 3036 ἔξα-

130 3037 235 3106 γωγῆςι
252 3058 327 3105 quem
341 3058 399 3092 nam
413 3051 438 3092 te
453 3059 510 3094 esse
524 3044 618 3104 dicem,
631 3045 712 3096 leram
727 3047 770 3110 qui
784 3059 861 3094 menn
874 3045 990 3110 corporis
1002 3044 1117 3096 leruidos
1129 3045 1238 3096 fontium

131 3113 214 3176 operis
237 3111 307 3162 locus
325 3113 458 3179 sangcrinis
482 3121 558 3176 teque
577 3116 632 3164 uita
650 3115 726 3166 leuas*
743 3116 827 3166 ferreo
848 3115 936 3164 ensil’
1006 3115 1029 3166 V
1053 3113 1141 3166 Cicero
1160 3115 1235 3164 Tusc.

130 3181 195 3244 disp.
209 3181 243 3230 Ill
261 3181 301 3244 19,
315 3183 350 3232 44
369 3183 558 3246 ‘quaerendum
577 3185 672 3250 igitur,
691 3183 766 3248 quem
780 3184 918 3235 admodum
932 3184 1093 3250 aegritudine
1105 3185 1237 3250 priuemus

131 3266 198 3310 eum,
215 3252 259 3314 qui
273 3252 309 3302 ite
322 3252 406 3302 dicct:
425 3252 499 3317 pol’
517 3269 540 3303 e.
558 3269 582 3316 q.
597 3269 619 3304 s.
643 3253 742 3315 ‘Quint
760 3255 820 3304 huic
832 3252 901 3302 cclix
913 3254 990 3304 mulsi
1004 3254 1175 3320 inpingendus
1189 3261 1236 3314 est,

131 3328 155 3368 ul
168 3319 267 3384 plorare
278 3321 396 3372 desinet?
414 3330 456 3372 cut
466 3322 566 3385 aliquid
576 3324 631 3373 eius
641 3324 729 3374 modi?
747 3325 812 3374 Ecce
822 3322 868 3372 tibi
882 3337 915 3372 ex
927 3322 1006 3374 altere
1018 3332 1091 3390 porte
1104 3324 1236 3374 abeodem

132 3392 203 3454 poeto
218 3389 402 3454 [Andromach.
415 3391 447 3441 ir.
463 3390 518 3457 X].’
543 3392 590 3442 llla
603 3409 659 3445 esse
674 3394 794 3458 Thyestis
805 3391 886 3442 uerbo
899 3392 929 3442 0.
943 3393 1086 3444 Ribbeclrio
1097 3395 1155 3444 uiso
1168 3401 1236 3453 sunt,

131 3467 233 3522 excepta
245 3460 353 3511 fortasse
368 3475 384 3508 e
397 3461 522 3526 proximis
591 3463 627 3512 VI
646 3463 734 3514 Cicero
747 3465 823 3514 Tusc.
840 3462 908 3527 disp.
924 3463 1017 3524 11112,
1033 3461 1067 3516 '26
1083 3463 1237 3530 ‘aegritudi-

132 3541 185 3576 nem
197 3563 202 3575 .
212 3564 219 3576 .
229 3564 235 3577 .
246 3528 405 3594 depellamus
417 3566 423 3579 .
435 3567 440 3580 .
451 3566 458 3579 .
469 3530 552 3593 qualis
565 3533 633 3582 enim
645 3533 692 3583 tibi
705 3533 749 3584 ille
758 3533 860 3584 uidetur
872 3531 1022 3584 Tantalo'
1038 3549 1060 3584 e.
1071 3549 1096 3596 q.
1108 3548 1129 3584 s.
1152 3533 1236 3582 ‘louis

135 3653 337 3668 *-

170 3742 221 3800 392
242 3739 346 3810 cogitet
366 3737 487 3796 Wdeid.
572 3743 626 3800 393
647 3748 760 3798 senecta
773 3740 981 3800 Lcedmomtue.
995 3750 1138 3801 senectute
1153 3744 1217 3801 lios·

170 3827 220 3884 396
242 3824 279 3878 mi
298 3822 408 3880 Grotits
421 3823 493 3880 Bibl.
508 3826 568 3880 orit.
584 3841 648 3882 nou.
663 3825 720 3882 IV.
734 3826 803 3883 mihi
817 3827 881 3884 liert
963 3831 1016 3890 396
1032 3830 1110 3886 lasso
1131 3829 1236 3886 Virdo

132 3903 235 3966 Mooo
256 3970 260 3978 ,
319 3907 430 3964 occidat
445 3907 514 3966 666.
530 3909 598 3981 nep.
613 3909 688 3966 Peto.
704 3911 793 3968 Bern.
809 3913 867 3967 atii.
882 3912 994 3970 occidat
1006 3913 1098 3972 neto.
1122 3914 1235 3970 Vindo

131 3987 201 4052 Mon.
228 4011 246 4050 a
273 3995 392 4066 quinque
421 3991 510 4050 Oxou.
619 3999 671 4056 397
700 4013 784 4053 socru
808 3997 958 4054 Bentlcr'us.
986 4015 1087 4055 socero
1111 3999 1176 4056 16η·

170 4082 221 4138 398
244 4079 331 4149 replis
347 4077 418 4134 666.
434 4076 504 4151 Rey.
519 4077 609 4136 Bem.
629 4082 679 4136 atii
697 4083 760 4137 edd.
775 4081 892 4136 Dauom.
917 4089 1013 4154 raptos
1035 4088 1062 4140 et
1075 4098 1165 4156 supro
1185 4085 1234 4140 lin.

133 4164 213 4233 ruptis
229 4163 320 4220 neto.
335 4164 419 4218 raetis
434 4161 528 4220 Morb.
546 4169 641 4235 raptus
655 4165 728 4222 Pto.
743 4165 833 4221 Oxou.
846 4181 920 4223 onus
1004 4175 1133 4224 nanctust
1149 4169 1234 4242 Trep-

134 4247 219 4302 derus.
242 4255 360 4306 nanetus
376 4247 528 4320 6661969.
550 4256 648 4305 nactos
663 4258 707 4306 est
720 4249 794 4307 Pitlt.
808 4251 896 4306 nactis
911 4250 1002 4309 noto.
1016 4269 1052 4308 m.
1066 4271 1115 4326 pr.
1136 4261 1234 4310 nactus

136 4329 217 4386 Maro.
234 4338 333 4388 ooctns
345 4333 430 4390 ceteri
442 4332 513 4389 libri.
533 4339 643 4390 nactust
660 4334 801 4392 Bentleite
887 4337 961 4392 notis
978 4335 1049 4409 Rep.
