2984 5032
581 475 834 534 PRAEFATIO
1226 481 1265 528 11

140 654 234 734 'erga
264 663 317 706 me
349 640 552 706 uoluntatem
584 660 669 704 nouo
702 638 852 726 exemplo
883 635 1036 724 probauit
1061 636 1266 701 Lvuovlcvs

156 762 381 843 Scirorum,
413 759 469 846 qui
491 759 636 824 criticam
658 779 751 826 suam
776 755 1011 845 supellectilem
1037 754 1081 819 ad
1099 753 1267 819 Donatum

154 877 301 942 Terentii
322 879 533 964 interpretem
554 877 735 942 conlectam
752 898 861 942 meum
881 877 917 940 in
937 895 1032 940 usum
1053 873 1208 938 excussit.
1352 851 1356 858 ⁵

240 995 375 1061 Talibus
401 1005 434 1061 et
460 1005 528 1060 tam
556 995 730 1062 luculentis
757 994 877 1060 edendi
904 992 1060 1059 subsidiis
1088 993 1266 1058 instructus

155 1114 232 1179 dum
255 1121 342 1178 totus
364 1135 479 1180 uersor
499 1116 534 1179 in
556 1111 744 1196 annalibus,
774 1111 942 1180 Ottcnis
963 1109 1190 1176 Ribbeckii
1209 1111 1266 1178 ad·

154 1231 303 1297 leuantur
331 1231 546 1322 'lbagicorum
570 1233 762 1298 Latinorum
787 1229 969 1320 Reliquiae.
1014 1227 1120 1309 Quem
1145 1228 1265 1295 librum
1372 1288 1385 1308 χ
1458 1290 1462 1308 ,

153 1358 366 1438 posteaquam
386 1359 536 1417 accurate
557 1352 712 1434 tractaui,
737 1350 781 1415 ad
801 1349 864 1417 boc
884 1347 1050 1437 singulare
1074 1347 1109 1412 in
1130 1369 1190 1413 suc
1211 1369 1266 1433 ge-

151 1489 230 1534 nere
264 1470 450 1555 exemplum
480 1491 587 1534 meam
622 1470 798 1536 editionem
833 1491 930 1559 quam
957 1488 1087 1556 possem
1116 1467 1267 1554 proxime

153 1586 321 1674 adplicare
343 1588 507 1652 constitui.
540 1587 687 1675 (lumque
706 1587 754 1652 ibi
776 1589 897 1674 optime
915 1585 956 1651 de
968 1585 1070 1650 Ennii
1086 1585 1266 1670 tragoediis

155 1703 340 1770 consultum
366 1705 529 1788 uiderem,
563 1725 600 1772 eo
630 1706 761 1772 facilius
786 1728 838 1770 me
866 1705 930 1770 huc
963 1703 1082 1770 adduci
1107 1682 1265 1791 patiebar,

153 1830 205 1906 ut,
236 1823 323 1909 quod
344 1845 410 1889 non
431 1845 497 1889 uno
518 1825 648 1889 nomine
676 1833 709 1889 et
730 1825 810 1888 mihi
835 1831 868 1888 et
888 1821 961 1888 aliis
983 1823 1127 1908 optabile
1147 1823 1265 1904 uisum,

153 1941 304 2006 comitem
325 1941 497 2007 annalibus
516 1942 597 2008 haee
618 1942 804 2029 fragmenta
824 1943 1016 2008 rubiconem.
1052 1941 1174 2023 Quare
1192 1962 1266 2005 cum
1314 1991 1320 2000 .

152 2058 317 2144 omnibus,
347 2061 465 2146 quibus
494 2061 575 2126 haec
600 2061 709 2127 studia
731 2059 824 2126 cordi
848 2069 937 2145 sunt,
965 2070 1095 2147 gratum
1119 2059 1265 2124 facturus

151 2177 296 2260 uiderer,
318 2187 387 2244 tum
408 2179 612 2248 Ribbeckius
633 2180 720 2266 ipse,
742 2179 813 2256 fere
835 2201 901 2246 non
924 2179 1119 2260 subuereor,
1148 2186 1185 2242 ut
1206 2177 1266 2240 ini-

154 2295 268 2382 quiore
290 2294 398 2364 fronte
418 2301 585 2386 inceptum
607 2320 715 2363 meum
745 2299 897 2385 excipiat.
940 2296 1056 2382 Itaque
1077 2299 1112 2360 in
1136 2297 1266 2362 uniuer-

153 2435 225 2478 sum
250 2423 377 2498 texurm
406 2418 556 2503 exhibui,
592 2416 721 2505 qualem
752 2417 920 2482 constituit
947 2415 1169 2480 Ribbeokius2'
1208 2415 1267 2480 sed

151 2554 225 2606 oum
255 2533 377 2619 denuo,
404 2557 446 2600 ne
472 2544 595 2602 temere
623 2557 777 2624 sequerer
805 2535 921 2600 ducem
947 2533 1096 2621 quamuis
1124 2533 1266 2598 certissi-

152 2673 255 2736 mum,
275 2653 561 2738 grammaticorum
582 2655 749 2720 uolumina
771 2661 966 2734 excuterem,
988 2652 1074 2716 inter
1092 2650 1267 2736 legendum

152 2777 184 2834 et
217 2771 332 2836 addidi
364 2773 524 2860 quaedam
558 2782 591 2838 et
625 2772 820 2838 emendandi
846 2771 900 2836 hic
928 2769 997 2834 illio
1027 2773 1267 2858 opportunitate

152 2911 231 2954 usus
261 2911 344 2954 sum.
399 2889 440 2954 In
467 2913 505 2957 eo
532 2915 612 2959 uero
640 2892 770 2976 longius
799 2913 819 2955 a
846 2888 1031 2956 Ribbeckio
1059 2889 1159 2956 editio
1194 2911 1268 2954 mea

152 3007 292 3091 recedit,
325 3009 413 3096 quod
439 3033 513 3075 cum
541 3011 597 3077 ille
626 3012 695 3077 fere
722 3011 881 3099 quidquid
908 3009 1165 3095 fragmentorum
1195 3010 1267 3072 sine

154 3127 344 3212 tragoediae
370 3127 479 3192 indioe
505 3129 661 3194 traditum
682 3138 733 3195 est
759 3129 802 3194 ad
827 3132 968 3194 incertas
990 3129 1170 3213 relegasset
1192 3127 1267 3192 reli-

155 3246 266 3333 quias,
299 3244 340 3310 de
368 3266 481 3312 eorum
504 3247 582 3312 sede
611 3249 690 3336 quid
710 3247 888 3312 diuinando
917 3245 1057 3333 assequi¹
1072 3253 1199 3333 posset,
1231 3247 1267 3310 in

154 3364 401 3452 quaestionibus
435 3365 573 3430 scenicis
607 3365 825 3454 periclitatus:
858 3365 929 3453 ipse
936 3413 946 3448 ,
980 3385 1045 3451 quo
1073 3387 1092 3429 e
1117 3363 1266 3452 reliquiis

154 3483 283 3570 facilius
304 3482 547 3570 tragoediarum
568 3493 662 3550 tenor
686 3494 874 3573 appareret,
902 3485 1037 3550 incertis
1058 3482 1207 3548 uersibus
1230 3483 1266 3548 iu

151 3600 274 3668 fabulis
296 3604 393 3690 ipsis,
416 3603 445 3667 si
465 3604 538 3668 fieri
558 3613 700 3691 poterat,
723 3604 831 3670 locum
850 3602 1056 3692 probabilem
1077 3603 1264 3688 adsignaui.

153 3718 307 3806 Denique
333 3743 397 3807 quo
426 3723 535 3786 omnia
560 3723 713 3787 Enniana
739 3745 825 3788 unus
849 3723 933 3789 liber
959 3723 1138 3805 contineat,
1161 3724 1266 3786 etiam

153 3839 315 3903 minorum
352 3846 536 3926 poematum
569 3841 711 3905 frustula
743 3843 927 3930 conquisiui
957 3863 997 3906 ac
1024 3841 1111 3924 situ,
1140 3863 1204 3928 quo
1232 3841 1266 3905 bi

152 3957 296 4022 maxime
316 3978 432 4023 uersus
455 3955 589 4025 obducti
607 3959 760 4026 iacebant
766 4011 775 4044 ,
801 3969 839 4025 ut
858 3962 965 4049 potui,
986 3968 1127 4048 purgata
1147 3959 1263 4025 adieci.

236 4073 289 4140 Ita
316 4085 552 4144 ematurescere‘
574 4077 733 4165 paulatim
757 4079 1000 4146 lucubrationes
1021 4080 1057 4142 in
1078 4078 1187 4142 Ennio
1209 4101 1264 4166 po-

152 4194 234 4260 sitae
253 4215 362 4259 meae:
386 4217 461 4260 cum
480 4193 732 4294 RITscnnmuS,
761 4219 825 4285 quo
843 4200 941 4263 etiam
963 4219 983 4261 a
1002 4207 1154 4286 typorum
1173 4199 1264 4264 ohar-

149 4321 321 4400 tarumque
341 4313 505 4399 elegantia
526 4315 626 4380 decus
647 4316 810 4402 quoddam
835 4316 947 4382 libello
967 4319 1187 4404 contingeret,
1215 4318 1264 4381 bi-

149 4410 326 4518 bliopclam
338 4431 603 4499 honestissimum
625 4444 658 4500 et
672 4457 769 4522 quem
791 4436 833 4503 de
847 4438 968 4504 nostris
990 4435 1107 4505 litteris
1131 4438 1264 4523 egregie
