2984 5048
581 1109 796 1180 ACHILLES

683 1245 697 1315 l

955 1345 1057 1415 ociter

233 1453 469 1536 simeones,
499 1450 639 1520 dc'fende
662 1448 794 1532 hostes,
822 1451 1013 1538 compotes
1034 1447 1221 1519 defendere.

148 1781 161 1798 „
234 1745 242 1760 .
295 1743 304 1759 .
358 1737 367 1757 .
420 1711 497 1758 nem
516 1686 662 1758 consiliis
681 1687 859 1770 obuardnt,
889 1683 1009 1778 quibus

233 1791 391 1864 Goncc'dit
410 1792 542 1864 Hector.

188 2006 243 2066 5.
298 2049 306 2064 .
360 2048 368 2064 .
419 1961 429 2063 Ι.
484 2048 491 2063 .
545 2015 605 2085 per
623 1891 813 2086 egbssdeiim
835 1990 994 2060 sublimas
1017 1991 1151 2079 sribjces

231 2097 395 2183 'Vmidas
423 2098 512 2170 unde
533 2097 637 2169 oritur
655 2097 760 2166 imber
780 2094 890 2165 sonitu
913 2113 1017 2162 saeuo
1036 2096 1068 2162 et
1089 2093 1216 2184 spiritu.

645 2232 694 2303 lV
708 2231 725 2267 *

232 2403 676 2422 ........
731 2351 771 2422 ἑο
794 2371 860 2441 ego
881 2346 1016 2440 ingenio
1036 2348 1134 2416 nitus
1154 2369 1244 2418 sum:

231 2453 350 2548 Aeque
367 2454 565 2524 inimicitiam
585 2458 683 2548 sitque
704 2453 878 2525 amicitiam
895 2452 927 2519 in
945 2451 1086 2521 frontem
1104 2471 1252 2542 promp-„
1338 2492 1341 2504 ·

791 2554 858 2622 iim
878 2574 972 2644 gero.

162 2755 300 2804 Acnmuus
336 2759 347 2806 1
365 2757 462 2808 Nonius
482 2772 508 2823 p.
521 2754 580 2815 277,
592 2755 624 2805 21
645 2753 856 2816 ‘delendcre,
875 2755 954 2813 tueri,
975 2751 1113 2817 depellere.
1144 2751 1243 2804 Ennius

129 2822 229 2873 Achille
246 2825 297 2872 ...¹
317 2822 516 2888 (defendere
533 2823 707 2875 debellare
724 2823 832 2889 [tlueri
848 2861 869 2873 ..
888 2825 919 2874 in
934 2821 1161 2872 AchilleBern.
1178 2819 1207 2886 b)

164 2891 186 2940 ll
205 2891 301 2942 Nonius
315 2909 342 2958 p.
354 2895 414 2955 147,
431 2897 464 2946 22
483 2895 667 2945 ‘obuarare'
687 2892 887 2958 (obuarrare
906 2890 994 2955 Leid.)
1019 2895 1180 2955 ‘peruenere
1199 2892 1244 2942 de-

129 2975 246 3025 praunre,
262 2962 358 3013 dictum
371 2979 387 3014 e
399 2965 477 3013 ueris.
503 2963 600 3013 Ennius
612 2962 712 3012 Achille
726 2999 731 3010 .
744 2965 774 3012 ..’
845 2964 881 3014 III
900 2963 997 3012 Nonius
1009 2977 1034 3026 p.
1047 2957 1106 3021 169,
1121 2961 1134 3011 1
1150 2962 1254 3011 ‘sub-'

129 3031 189 3079 icis
209 3045 275 3081 noue
293 3035 407 3096 positum
425 3048 474 3083 non
493 3049 508 3082 a
528 3031 691 3091 subiciendo,
716 3034 762 3082 sed
780 3033 923 3083 altitudine.
959 3032 1055 3081 Ennius
1074 3029 1175 3080 Achille
1197 3033 1244 3080 ...’
1313 3089 1318 3101 Ι

129 3099 218 3150 Festus
229 3116 256 3166 p.
266 3099 358 3152 305Μ.
374 3104 524 3153 ‘subices
537 3104 633 3152 Ennius
647 3103 673 3151 in
688 3101 788 3152 Achille
800 3117 846 3168 pro
860 3102 982 3152 subiectis
996 3100 1095 3165 posuit,
1110 3115 1167 3149 cum
1180 3099 1246 3150 dixit

127 3170 221 3220 nubes:
237 3185 283 3235 per
296 3173 357 3236 egc'
374 3189 396 3222 e.
406 3188 459 3235 q.s.
484 3172 581 3222 Gellius
591 3173 627 3220 IV
640 3172 670 3220 17
681 3170 796 3236 (positu,
816 3187 866 3222 non
880 3180 970 3220 natura
986 3169 1189 3234 praepositiones
1205 3170 1243 3218 cb

127 3238 185 3288 sub
204 3253 258 3288 con
279 3256 336 3291 cum
351 3242 430 3292 uerbo
448 3243 534 3291 iccio
547 3241 701 3306 compositas
716 3241 805 3306 longas
819 3239 888 3304 fieri)
914 3245 1074 3304 ‘congruens
1096 3238 1175 3302 igitur
1196 3245 1243 3298 cst,

127 3316 154 3356 nt
181 3309 313 3360 subices
340 3313 432 3372 etiam,
466 3311 535 3373 quod
560 3311 668 3376 proinde
691 3318 719 3357 ut
738 3311 824 3360 obices
845 3310 1015 3374 compositum
1040 3314 1093 3366 est,
1119 3323 1136 3356 u
1160 3305 1245 3357 littera

127 3379 199 3426 breui
215 3377 266 3428 dici
287 3388 410 3444 oporteat.
443 3380 539 3430 Ennius
558 3381 585 3428 in
605 3379 751 3444 tragoedia,
778 3395 843 3442 quae
859 3378 973 3428 Achilles
994 3376 1154 3435 inscribitur,
1174 3377 1244 3426 subi-

128 3463 170 3496 ces
189 3461 235 3512 pro
255 3451 313 3498 cere
334 3449 384 3500 cito
404 3451 491 3516 ponit,
518 3449 562 3514 qui
582 3449 652 3498 caelo
672 3449 801 3498 subiectus
823 3456 875 3508 est,
899 3449 925 3497 in
945 3448 987 3497 his
1006 3447 1124 3495 uersibus
1147 3444 1183 3511 [5.
1200 3445 1243 3510 b]:

128 3515 264 3580 plerosque
288 3519 371 3568 omnis
395 3526 479 3568 tamen
502 3519 587 3584 legere
609 3517 699 3567 audias
720 3533 738 3566 u
760 3518 844 3568 littera
865 3518 1008 3583 products.¹
1084 3516 1125 3576 lv„
1147 3515 1244 3566 Gellius

130 3583 222 3633 XlX8
244 3585 468 3636 ‘inimicitiam
487 3595 571 3636 cutem
585 3587 614 3645 Q.
629 3587 725 3636 Ennius
745 3588 772 3636 in
791 3589 835 3638 illo
852 3586 1064 3638 memoratissimo
1081 3585 1145 3634 libro
1161 3585 1243 3636 dixit:

173 3764 189 3816 l
213 3759 313 3825 ociter]
332 3776 349 3813 o
366 3759 415 3830 qui
428 3764 454 3813 te
470 3758 560 3813 Bm.
575 3759 598 3824 b,
615 3776 669 3816 om.
684 3761 770 3815 ceteri
783 3758 848 3813 libri
951 3763 969 3814 ἢ
991 3756 1124 3826 deiende]
1149 3757 1246 3814 delen·

131 3843 188 3898 dite
201 3843 316 3898 Bern.b
419 3849 438 3902 3
450 3843 584 3900 consilius
604 3845 640 3900 W
743 3847 762 3900 4
775 3841 905 3898 concedit
915 3842 1018 3896 Hector
1031 3842 1062 3898 0.
1070 3842 1245 3898 Ribbeckius.

131 3934 186 3982 tam
205 3927 335 3983 concedit
351 3927 397 3983 hic
413 3926 483 3982 crdo
504 3927 568 3983 libri
674 3935 691 3986 5
720 3929 855 3984 sublimas
878 3926 998 3990 Nonius,
1028 3927 1154 3983 Rottend.
1184 3921 1255 3982 Vac'

132 4013 218 4067 Gellii.
234 4013 367 4069 sublimes
383 4014 471 4085 culpo,
488 4029 541 4068 om.
556 4015 656 4070 Festus
742 4013 847 4069 subicis
866 4011 972 4067 Nonius
1078 4017 1096 4071 6
1113 4012 1246 4068 humidas

130 4097 194 4151 libri
278 4096 344 4152 inde
361 4097 460 4152 Festus
545 4100 639 4154 sonitu
656 4118 679 4154 s·
696 4115 721 4152 e.
738 4099 905 4168 spirituum.
922 4095 1030 4151 Nonius
1116 4113 1203 4151 saeuo
1220 4104 1247 4151 et

132 4181 231 4252 spiritu
258 4182 364 4239 Deln'o.
393 4197 481 4237 saeuo
505 4184 605 4254 spiritu
624 4184 731 4240 Festus.
761 4199 830 4237 seuo
859 4180 978 4250 strepitu
1006 4181 1134 4236 Rouend·
1159 4182 1245 4236 Gellii.

133 4281 220 4320 saeuo
236 4268 353 4338 strepitu
373 4266 434 4322 Vae.
452 4283 540 4322 saeuo
553 4274 580 4324 et
593 4269 706 4340 spiritus
718 4267 803 4322 ceteri
893 4265 996 4320 Versus
1010 4266 1144 4337 disposuit
1153 4265 1245 4321 Loch-

131 4366 250 4409 mannus
262 4353 300 4407 ad
310 4352 394 4409 Lucr.
411 4350 465 4408 ΙΙΙ
472 4356 524 4416 227
631 4355 646 4413 7
668 4369 722 4428 ego
737 4367 790 4406 om.
807 4350 908 4410 Gellius
1013 4353 1031 4412 8
1048 4367 1138 4427 aeque
1155 4351 1245 4409 inimi·
