2984 5032
604 454 834 511 ENNIANAE
1155 462 1254 510 LXVII

136 616 240 675 ireturn
265 615 431 676 Gaditanum
460 618 622 694 desIgnari,
648 616 758 695 Hugius
787 620 913 678 tortasse
938 618 1035 677 locum
1058 617 1085 674 in
1114 633 1249 694 pugnae

132 719 232 781 Iaelio
255 723 387 801 inipso,
413 733 443 782 ut
463 722 560 783 Liuius
579 721 702 784 XXVIII
721 724 760 783 30
778 726 833 800 ait,
865 726 967 802 rapido
990 722 1066 781 lreto
1095 723 1248 782 commissa

133 827 271 887 habuisse
290 829 455 905 suspicatus
479 837 534 888 est.
565 828 657 887 Porro
677 829 822 906 Scipionis
842 829 982 888 aduentus
1004 829 1031 885 in
1050 828 1180 889 Africam
1198 829 1246 888 tri·

133 931 187 990 hus
205 941 235 990 ut
261 943 330 1010 puto
351 933 520 1009 fragmentis
546 934 581 993 V.
605 933 655 992 vl.
678 933 731 992 VII
760 936 954 1011 sIgnificatur‚
986 950 1107 1011 quorum
1128 933 1168 992 vl
1189 932 1246 992 IIu-

132 1037 198 1112 gius
229 1054 346 1114 quoque
369 1039 426 1098 hoc
451 1039 519 1098 Ioco
543 1041 649 1101 editum
679 1042 856 1101 conlecerat.
902 1037 973 1098 Nam
1002 1047 1033 1096 ut
1057 1055 1166 1113 negare
1188 1054 1246 1096 uon

133 1157 269 1218 possum,
299 1143 406 1203 nullum
436 1161 537 1204 eorum
565 1164 699 1204 uersuum
729 1164 786 1206 nou
812 1147 944 1225 potuisse
966 1146 1051 1204 etiam
1075 1143 1111 1202 ad
1139 1142 1245 1219 Reguli

133 1249 282 1306 transitum
304 1249 424 1324 referri,
456 1259 552 1309 tameo
570 1253 725 1329 trepidatio
753 1271 788 1312 ac
810 1268 903 1330 pauor
925 1267 1010 1327 quern
1030 1255 1118 1326 potita
1137 1248 1245 1324 signiti-

134 1362 181 1411 cat
202 1353 339 1414 dirorum
367 1364 395 1414 et
425 1356 467 1412 uis
489 1373 592 1431 magna
621 1375 695 1436 quae
721 1359 850 1419 traicitur
873 1357 1021 1433 copiarum
1045 1352 1132 1431 paulo
1153 1353 1246 1428 magIs

134 1457 200 1516 lruic
228 1477 313 1537 quam
342 1460 466 1519 iudicaui
493 1462 641 1520 occasioni
667 1463 824 1521 conuenire
852 1459 1032 1519 uidebantur.
1079 1456 1124 1516 Gi.
1148 1456 1246 1516 Liuius
1272 1501 1274 1506 .

133 1561 231 1620 XXIX
246 1562 296 1621 25.
313 1563 363 1623 28.
393 1563 456 1622 Nec
478 1567 541 1623 scio
562 1585 598 1625 an
621 1585 658 1624 ex
680 1567 799 1625 incertis
822 1564 925 1623 eodem
944 1564 1107 1640 pertineant
1129 1561 1158 1620 hi
1180 1580 1245 1620 ucr-

92 1730 95 1734 ,
133 1683 198 1724 sus:
212 1673 369 1744 ratibusque
379 1673 516 1745 fremebat
527 1673 620 1730 Imber
629 1676 750 1746 Neptuni
758 1666 914 1748 (XXXIX)
925 1677 970 1726 ct:
989 1672 1110 1726 tonsillas
1124 1673 1245 1742 rapiunt,

134 1777 270 1846 confipnnt
289 1777 358 1845 lima,
381 1779 506 1833 adornas
532 1774 624 1854 (XL).
669 1776 799 1849 Quorum
821 1775 871 1834 ille
892 1793 908 1833 e
931 1771 1128 1848 descriptione
1151 1779 1245 1830 traue-

133 1875 227 1934 Ireutis
250 1877 278 1934 iu
299 1877 428 1938 Africam
453 1879 598 1958 Scipionis
628 1881 795 1960 desumptus
818 1880 932 1940 uidetur
949 1877 1026 1938 conl.
1047 1874 1128 1934 Liuio
1149 1874 1246 1936 XXIX

134 1979 188 2039 27:
212 1994 292 2041 uento
304 1989 424 2043 secundo
444 1989 597 2048 nelaementi
615 1995 683 2047 sain
692 1994 822 2062 prouecti
837 1993 962 2046 celeriter
983 2003 999 2042 e
1020 1992 1167 2056 conspectu
1192 1993 1246 2040 ier-

134 2106 186 2144 rne
205 2092 289 2146 uitiati
305 2101 370 2148 sunt
392 2133 399 2147 .
420 2134 427 2148 .
447 2135 454 2150 .
477 2097 564 2152 lenior
590 2101 688 2150 nenias
714 2099 743 2150 in
774 2099 828 2151 clm
846 2096 940 2165 foelus
958 2125 998 2134 —
1017 2107 1246 2163 —prosperam

133 2197 333 2266 compacionem
360 2201 419 2253 sine
446 2207 554 2254 terrore
581 2217 616 2255 ce
645 2203 758 2257 tnmnltn
780 2201 870 2271 fnisse
895 2185 1038 2268 permultas
1061 2197 1177 2252 Grneeis
1190 2198 1245 2252 Lc-

134 2303 250 2372 tinisqne
271 2305 428 2359 auctoribus
449 2306 567 2360 credidi.-
597 2302 689 2361 altero
710 2311 804 2360 autem
824 2299 926 2378 rapide
948 2317 1038 2358 naues
1061 2297 1246 2376 adpelleutes

133 2403 239 2462 milites
258 2405 422 2482 plnguntur.

220 2510 319 2588 Scipio
348 2528 412 2568 cum
441 2510 601 2570 Hannibale
625 2512 813 2588 congreditur
835 2509 918 2588 (IX).
964 2505 1146 2567 Conueniunt
1170 2509 1245 2567 enim

135 2633 199 2674 curn
226 2615 281 2674 lrac
308 2613 391 2674 Ennii
419 2617 562 2675 sententia
590 2616 713 2674 mantne
745 2633 819 2692 quae
845 2613 968 2673 eundem
990 2611 1178 2671 Hannibalem
1199 2610 1244 2670 Li·

134 2722 198 2780 nius
216 2718 301 2779 XXX
321 2719 361 2779 30
389 2729 519 2779 orantem
541 2719 625 2779 lacit:
650 2722 786 2781 conferas
807 2719 856 2780 uel
876 2719 965 2780 haec:
992 2722 1133 2775 maximoe
1150 2721 1247 2791 eumne

132 2831 265 2902 fortunae
286 2833 394 2885 minime
420 2830 586 2886 credendum
607 2836 647 2884 est
662 2869 693 2883 ..
715 2831 839 2888 ..melior
865 2832 1000 2900 tutiorque
1028 2831 1069 2880 est
1088 2831 1165 2879 eerlc
1180 2840 1247 2894 pce

134 2955 217 3008 quom
237 2943 351 3007 sperata
374 2938 504 2992 uictoria:
527 2935 597 2990 liceo
616 2937 645 2990 in
668 2941 724 3002 inc,
745 2937 792 2989 iila
808 2937 836 2989 in
852 2936 965 2989 deorum
980 2947 1064 2986 mann
1085 2935 1133 2986 est.
1161 2945 1197 2984 ne
1211 2934 1248 2984 ici

135 3059 272 3096 annornm
292 3041 449 3112 felicitatem
470 3043 498 3094 in
521 3043 601 3096 nnius
622 3041 710 3096 dorae
733 3041 841 3094 dederis
864 3040 1018 3093 discrimen.
1063 3031 1119 3090 Vbi
1140 3030 1246 3090 IIauni-

135 3143 209 3203 halis
231 3142 391 3221 periculum
407 3142 573 3219 Scipionem
593 3142 788 3220 compellendi
811 3139 847 3199 ad
870 3155 972 3217 pacem
992 3138 1105 3195 inritum
1127 3137 1243 3212 cecidit,

135 3248 277 3326 proelium
305 3257 431 3327 paratur.
476 3246 584 3306 Milites
606 3247 774 3306 cohortatus
799 3246 861 3304 siue
890 3244 989 3320 Scipio
1014 3243 1145 3302 estsine
1170 3242 1244 3301 Han·

135 3353 227 3414 nibal:
246 3360 296 3414 sed
315 3359 381 3430 qnid
401 3373 449 3430 epo
469 3358 539 3412 naec
554 3363 693 3413 memoro?
718 3357 818 3412 dicium
829 3355 989 3426 faciamque
1002 3351 1073 3423 fecit
1084 3348 1190 3424 fram(
1218 3353 1244 3426 J.

136 3461 233 3536 Pugna
250 3459 434 3518 committitur
449 3457 537 3536 (XI):
560 3458 694 3536 fugantur
712 3457 776 3517 ntrt
793 3476 827 3516 ac
846 3464 942 3516 castra
958 3453 1128 3531 diripiuntur
1145 3449 1244 3530 (XII).

219 3566 296 3625 Dein
318 3572 406 3642 poeta
431 3565 571 3623 uictorem
599 3565 765 3642 Scipionem
791 3564 892 3623 nescio
923 3578 981 3638 quo
1009 3577 1085 3617 nexu
1113 3557 1245 3616 laudibus

136 3672 236 3731 effert:
275 3670 350 3728 unde
390 3669 500 3728 residet
537 3678 566 3728 et
602 3670 661 3728 lroc
697 3666 850 3727 frustulum
883 3669 975 3739 Scipio
1012 3670 1112 3722 inuicte
1145 3660 1244 3738 (XIII)

137 3785 167 3836 et
192 3778 217 3834 is
244 3795 347 3836 uersus
376 3777 421 3835 cui
449 3793 524 3834 nunc
547 3775 676 3852 paenitet
696 3775 725 3830 iu
753 3771 895 3829 saturlsa
921 3785 967 3826 me
990 3767 1087 3825 locum
1113 3765 1246 3840 adsigna·

137 3891 196 3940 tum
224 3899 309 3940 esse:
342 3887 389 3940 nel
415 3890 443 3939 m
471 3885 587 3940 dictator
615 3884 660 3938 nel
681 3897 811 3953 equorum
840 3880 1010 3949 equitumque
1030 3877 1160 3946 mapister
1181 3875 1248 3928 Esto

136 3993 181 4047 nel
208 3993 305 4046 eonsnl
333 3986 409 4063 (Sat.
435 4003 462 4042 u.
489 3983 527 4043 18
548 3985 622 4062 sup).
667 3983 732 4056 Quo
763 3997 850 4039 uersu
881 3977 1048 4054 Scipionem
1076 3973 1247 4052 compellari

139 4090 252 4151 Merula
273 4090 344 4149 uidit
372 4091 449 4149 conl.
471 4090 552 4150 Liuio
576 4086 728 4148 XXXVIII
747 4084 803 4144 56:
826 4089 986 4158 caelipetam
1017 4088 1088 4140 enim
1111 4083 1248 4155 qnondam

139 4202 174 4255 ab
194 4217 225 4255 eo
241 4201 376 4273 populum
397 4203 445 4271 ait,
465 4200 538 4271 qnod
553 4215 614 4254 enm
632 4202 796 4268 perpetuum
813 4192 950 4247 consulem
972 4195 997 4243 et
1018 4189 1176 4244 dictatorem
1190 4187 1249 4243 nel·

137 4308 174 4362 tet
192 4307 299 4378 facere.
345 4298 390 4362 Gi.
408 4300 545 4362 Valerius
563 4299 703 4360 Mardmus
723 4296 763 4357 IV
785 4295 812 4369 1,
830 4293 858 4353 6.
897 4292 942 4352 De
964 4290 1111 4368 proxumis
1135 4287 1248 4350 duobus

995 4411 1012 4454 θ
1024 4397 1040 4428 s
