2984 5032
479 411 706 469 nunrnunn
1091 429 1157 476 Lm

88 577 176 652 [uiden
193 574 225 634 ab
247 576 309 634 eius
333 575 504 634 auctoritate
516 573 666 652 Appiauus
688 573 760 634 Euo.
781 575 919 636 SamnX
940 587 969 638 et
985 578 1155 642 Plutarchus

88 680 161 755 'yrrhi
188 699 211 743 c.
237 679 276 740 20
305 680 451 758 pendent,
488 681 527 738 ita
555 680 656 755 tradit,
684 696 742 738 non
770 681 937 760 redemptos
968 703 1036 744 esse
1064 689 1154 765 capti·

90 803 134 860 os,
160 784 207 844 scd
232 785 267 844 ad
290 785 451 844 Saturnalia
479 793 587 845 tantum
615 785 791 845 celebranda
817 805 881 846 cum
908 788 1012 864 legatis
1033 787 1154 849 Romam

88 892 171 949 edisse
198 907 232 948 eo
260 898 364 967 pacto,
395 898 425 948 ut
446 891 500 948 nisi
521 891 633 950 interea
655 909 712 968 pax
731 909 747 950 a
770 890 906 952 Romanis
930 895 1154 954 constitueretur

88 1015 92 1052 ι
112 993 203 1068 Pyrrhi
221 1004 314 1056 castra
329 1004 556 1055 reuerterentur.
579 994 624 1054 Cf.
643 994 817 1055 Niebuhrius
832 998 904 1061 llist.
921 997 1003 1057 Rom.
1022 997 1063 1058 III
1079 997 1151 1060 586.

89 1100 121 1157 ed
147 1099 215 1158 idem
236 1098 393 1175 Dionysius
416 1101 506 1177 (Erro.
527 1098 623 1160 XVIII
645 1101 680 1178 7)
710 1110 740 1160 et
762 1101 810 1178 qui
835 1101 914 1160 illurn
935 1110 1072 1161 secuntur
1092 1101 1152 1179 hp·

88 1206 158 1264 lanus
178 1205 246 1264 Exc.
268 1205 363 1265 Samn.
388 1215 417 1264 et
435 1205 621 1280 Plutarchus,
651 1205 680 1265 id
702 1204 780 1284 quod
802 1223 865 1264 cunr
888 1204 937 1264 llla
959 1223 991 1264 re
1014 1206 1154 1266 cohaeret

88 1312 211 1386 tissime,
239 1319 306 1388 post
327 1311 437 1369 inritam
463 1293 576 1370 demum
599 1307 706 1368 Cineae
729 1308 905 1385 legationem
927 1310 1090 1370 Fabricium
1116 1310 1152 1370 de

88 1414 225 1474 dImendis
252 1415 373 1493 captiuis
404 1416 520 1474 missum
547 1431 614 1474 esse
644 1423 876 1473 commemorant.
920 1414 986 1473 Non
1008 1418 1076 1474 itern
1094 1414 1151 1474 En·

88 1536 132 1590 us,
160 1519 183 1574 si
209 1520 275 1594 quid
304 1520 340 1580 de
364 1520 458 1579 Ennio
486 1519 557 1578 licet
580 1537 596 1576 e
616 1517 688 1576 Liuii
710 1519 848 1577 memoria
869 1520 1037 1596 conligere:
1065 1537 1152 1596 quern

88 1641 119 1680 rm
147 1623 282 1700 periocha
311 1623 380 1682 XIII
406 1633 465 1682 turn
490 1621 648 1701 Eutropius
676 1622 724 1700 (II
753 1621 811 1700 12)
840 1625 1015 1701 persuadent
1042 1622 1151 1685 Cineae

88 1729 224 1803 gallonem
245 1729 336 1788 altera
351 1728 476 1789 Fabricii
498 1729 691 1805 posteriorem
712 1727 890 1792 exhibuisse.
929 1728 993 1788 Neo
1009 1728 1152 1805 denegata

88 1851 106 1890 n
129 1850 144 1890 a
163 1831 297 1891 Romanis
318 1848 392 1908 pace
416 1829 554 1904 Pyrrhum
576 1831 717 1892 credibile
741 1840 786 1889 est
805 1830 948 1893 dimisisse
971 1834 1033 1892 sine
1055 1835 1150 1911 pretio

88 1938 195 2014 ptiuos:
219 1944 319 1994 contra
341 1934 411 1994 illud
433 1937 518 1994 etiam
539 1938 698 2015 repudiatis
721 1933 830 1995 Cineae
851 1937 1062 1997 conditionibus
1083 1956 1149 2015 pru·

89 2042 127 2098 nti
155 2040 276 2098 consilio
303 2041 380 2115 egit,
409 2038 487 2116 quod
515 2039 637 2114 captiuIs
666 2058 729 2098 curn
755 2040 894 2100 redeundi
922 2043 1099 2100 necessitate
1121 2043 1149 2100 ni

90 2163 157 2204 crea
180 2162 236 2223 pax
258 2144 343 2202 lieret
369 2142 489 2202 Romam
510 2142 657 2219 proficisci
679 2145 816 2222 permisit.
863 2141 926 2215 Qua
949 2162 1063 2204 recum
1086 2164 1150 2206 eam

88 2249 186 2309 leundi
208 2248 401 2308 conditionem
423 2247 458 2306 ab
474 2247 566 2305 Ennio
589 2243 710 2302 alienam
734 2263 802 2303 esse
822 2256 851 2306 et
872 2265 909 2304 ex
929 2248 1000 2324 ipsis
1014 2249 1149 2308 uersibus

91 2352 146 2430 ΙΙΙ)
166 2353 322 2436 adpareat,
350 2361 379 2410 et
402 2352 544 2410 indicetur
566 2350 602 2408 ab
626 2365 662 2406 eo
694 2349 739 2407 cui
762 2348 937 2410 luculentum
958 2352 1149 2428 fragmentum

88 2456 200 2529 bernone,
225 2452 369 2516 Cicerone
391 2455 443 2532 (de
463 2456 512 2514 oli.
536 2453 548 2512 I
571 2452 619 2528 12,
644 2451 699 2512 38:
721 2453 758 2513 cl.
777 2454 951 2513 Niebuhrius
970 2455 1042 2514 Hist.
1064 2455 1147 2514 Rom.

104 2559 199 2637 586):
227 2560 294 2620 inde
317 2577 503 2638 consequens
534 2567 596 2632 est,
627 2565 657 2615 ut
680 2557 755 2635 apud
778 2557 897 2617 Ennium
921 2560 948 2616 ei
972 2560 1015 2617 rei
1037 2560 1149 2618 inritam

89 2683 150 2723 reae
178 2665 354 2740 legationem
377 2682 434 2722 nou
461 2662 656 2722 antecessisse
678 2661 859 2747 arbitremur.
902 2662 1044 2721 Liberatis
1062 2663 1149 2738 igitur

89 2770 164 2826 rtiuis
188 2767 316 2842 Pyrrhus
343 2764 462 2826 Cineam
489 2776 652 2840 oratorem,
677 2784 735 2843 quo
764 2767 800 2825 de
828 2766 894 2824 uide
922 2784 997 2843 quae
1026 2768 1148 2842 egregie

89 2871 215 2930 rbohrius
237 2871 311 2930 Ilist.
330 2870 413 2930 Rorn.
436 2870 476 2929 III
494 2870 555 2930 562
581 2871 719 2947 exponit,
746 2865 866 2926 Romam
892 2867 969 2924 nulsit
996 2866 1033 2925 de
1063 2883 1146 2944 pace.

89 2994 207 3051 manos,
236 2993 300 3035 oum
328 2976 383 3034 iarn
413 2977 440 3034 in
470 2990 506 3032 eo
530 2984 629 3034 essent
650 2984 681 3033 ut
702 2982 779 3032 ratas
802 2971 944 3030 haberent
966 2971 1147 3030 conditiones

90 3083 158 3156 ¹rhI,
191 3081 228 3140 ab
255 3096 291 3138 eo
322 3080 445 3139 consilio
474 3078 562 3155 Appii
586 3076 818 3139 Claudii-orado
846 3075 1011 3133 reuocauit:
1046 3092 1062 3131 e
1091 3092 1175 3151 qua.

90 3191 190 3260 tione,
222 3185 303 3242 cuius
322 3185 451 3261 speclem
475 3201 492 3240 e
510 3180 706 3240 Niebuhriano
727 3178 864 3256 exemplo
893 3176 982 3254 (Hist.
1004 3176 1086 3236 Rorn.
1107 3175 1148 3236 III

90 3347 91 3350 ,
119 3291 209 3368 sqq.)
232 3289 326 3346 auimo
350 3287 516 3364 concipias,
549 3285 606 3344 duo
629 3293 741 3344 restant
761 3280 884 3341 frustula
905 3280 1033 3339 Enniana
1053 3279 1146 3357 (XIV.

90 3400 121 3470 ):
146 3412 273 3472 quorum
291 3393 413 3453 alterum
431 3388 530 3466 (XIV)
553 3390 581 3447 in
603 3406 654 3446 sua
675 3387 763 3466 Appii
784 3386 916 3446 oratione
938 3383 1062 3442 reddidit
1079 3381 1146 3442 Nie-

91 3502 164 3562 rius,
214 3497 280 3570 Qua
300 3515 332 3554 re
352 3497 414 3554 sine
437 3511 511 3572 pace
534 3491 608 3551 redit
627 3500 726 3550 orator
749 3489 871 3568 (Cineas
893 3487 968 3548 haud
990 3485 1092 3563 dubie)
1117 3494 1146 3543 et

90 3606 92 3660 l
119 3622 185 3662 rern
206 3601 301 3662 reiert
320 3597 435 3677 (XVI):
456 3599 484 3655 in
506 3597 586 3655 cuius
605 3603 728 3654 mentem
750 3594 879 3672 adprime
900 3591 1057 3650 conuenire
1078 3587 1146 3644 mihi

93 3727 108 3764 s
133 3717 183 3766 est
204 3721 328 3763 uersus:
351 3712 395 3760 ast
415 3707 506 3758 aniano
527 3707 663 3772 superant
684 3716 710 3755 e.
728 3714 757 3773 q.
776 3714 799 3757 s.
823 3693 947 3770 (XVII).
991 3691 1027 3748 Ni
1045 3691 1145 3748 mirum

91 3827 183 3868 nanos
208 3810 250 3867 ait
264 3805 370 3864 Cineas
394 3803 476 3882 primi
493 3800 597 3878 proelii
619 3799 811 3858 calamitatem
833 3811 974 3872 spernere
992 3794 1145 3870 animoque

91 3921 212 3970 arantes
243 3911 279 3970 ad
309 3908 515 3988 experiendam
548 3920 637 3983 porro
666 3902 738 3962 belli
765 3901 908 3960 fortunam
935 3898 1144 3975 propensiores

91 4035 111 4073 n
145 4017 186 4074 ad
218 4014 403 4096 pangendum
431 4029 532 4090 pacem
560 4027 638 4068 esse.
683 4004 736 4065 Cui
759 4004 859 4078 Pyrrhi
882 3999 1049 4078 Cineaeque
1075 4014 1143 4057 con·

96 4120 127 4176 io
152 4118 233 4176 licet
255 4120 381 4177 fortasse
405 4117 490 4176 etiam
512 4114 587 4172 hunc
608 4129 724 4172 uersum
744 4115 792 4184 qut
814 4113 900 4196 uincit
919 4125 974 4163 non
998 4114 1038 4162 est
1057 4109 1145 4162 amtor
1245 4188 1248 4196 Ι

101 4230 204 4284 uictus
234 4227 340 4299 fatetur
369 4221 447 4298 (inc.
474 4218 538 4281 sed.
562 4216 693 4292 XXXV)
722 4209 961 4284 adcommodare,
1000 4209 1061 4267 siue
1086 4207 1147 4266 hoc*
