3112 5040
611 455 851 527 RELIQVIAE

658 621 810 694 Lxxn*

279 725 421 796 Pectora
448 779 455 794 .
484 779 492 796 .
519 729 609 795 tenet
626 727 842 812 desiderium,
870 727 967 798 simul
984 729 1068 796 inter

191 838 251 898 115
281 828 364 897 Sese
384 830 432 898 sic
450 832 633 898 memorant
660 835 698 897 ‘o
715 829 872 916 Romule,
899 830 1040 900 Romule
1061 829 1123 916 die,

281 930 418 1014 Qualem
435 934 468 999 te
484 932 610 1021 patriae
627 931 799 1000 custodem
819 933 851 1001 di
871 935 1083 1024 genuerunt

280 1031 308 1103 (1
326 1036 458 1123 patero
479 1035 612 1126 genitor
630 1054 650 1102 o
668 1055 820 1125 sanguen
844 1035 895 1103 dis
913 1035 1105 1104 oriundum!

215 1229 220 1243 .
279 1137 328 1206 Tu
346 1137 533 1226 produxisti
554 1159 617 1206 nos
637 1137 723 1206 intra
741 1137 871 1206 luminis
894 1139 991 1207 oras!

647 1255 782 1323 LXXlll
798 1254 815 1289 *

278 1355 441 1426 Romulus
460 1357 605 1426 incaelo
628 1379 702 1425 cum
722 1357 774 1426 dis
793 1355 993 1449 genitalibus
1016 1377 1136 1425 aeuum
1202 1424 1204 1434 J

100 1459 103 1466 ·
188 1466 248 1527 120
277 1458 388 1551 nego.

378 1575 379 1578 ’
659 1559 800 1628 LXXIV

279 1731 286 1746 .
316 1731 323 1746 .
353 1663 489 1762 ffliirine
507 1681 604 1768 pater
620 1700 764 1748 ueneror
785 1677 976 1769 Horamque
997 1675 1133 1759 Quirini.

174 1875 297 1926 Claudius
313 1876 438 1927 Sacerdos
457 1879 467 1926 Ι
489 1893 515 1942 p.
534 1877 566 1928 32
585 1879 659 1928 Eudl.
682 1867 848 1942 ‘intrinsece'
918 1875 1014 1925 LXXII
1034 1875 1122 1926 Cicero
1136 1875 1168 1924 de
1185 1891 1212 1924 re
1230 1891 1257 1940 p.
1277 1875 1287 1922 l

172 1946 215 2005 41,
234 1945 269 1996 64
288 1949 357 1995 ⁴...
377 1948 444 1995 iusto
463 1947 567 2008 quidem
583 1963 643 2012 rege
663 1963 721 1996 oum
740 1955 778 1996 est
798 1945 910 2012 populus
930 1947 1049 2006 orbatus,
1073 1952 1210 2009 pectora
1231 1945 1286 1994 diu

172 2022 263 2064 tenet
280 2016 498 2076 desiderium,
525 2018 591 2066 siout
607 2018 642 2066 ait
661 2017 758 2066 Ennius
778 2025 836 2080 post
855 2015 945 2079 optimi
962 2016 1032 2080 regis
1050 2015 1161 2062 obitum:
1186 2013 1285 2064 simul

171 2085 258 2132 inter
276 2121 282 2132 .
300 2121 306 2133 .
324 2121 329 2132 .
348 2121 354 2132 .
377 2085 558 2134 oriundum.
593 2086 648 2134 Non
663 2100 719 2138 eros
738 2100 784 2134 nec
798 2086 915 2134 dominos
934 2084 1099 2149 appellabant
1113 2098 1172 2142 cos,
1191 2084 1285 2144 quibus

69 2215 71 2218 Ι
172 2153 239 2201 iuste
256 2162 412 2217 paruerunt,
432 2155 541 2216 denique
560 2169 591 2204 nc
606 2169 680 2219 reges
696 2155 813 2216 qnidcm;
834 2162 872 2203 set
886 2155 985 2218 patriae
999 2152 1126 2212 custodes,
1145 2160 1183 2200 set
1199 2161 1286 2217 patres

172 2229 196 2269 et
209 2221 281 2270 deos.
309 2222 361 2272 Neo
373 2224 428 2271 sinc
444 2238 535 2282 oausa;
553 2225 615 2285 quid
628 2225 696 2272 enim
709 2223 869 2288 adiungunt?
884 2224 922 2270 tu'
938 2238 960 2271 e.
975 2238 999 2284 q.
1015 2237 1037 2272 s.
1062 2221 1209 2270 Lactantius
1224 2221 1283 2271 Diu.

172 2291 233 2338 lust.
250 2293 261 2339 Ι
280 2308 301 2339 o.
320 2293 352 2342 15
376 2297 448 2341 ‘nam
465 2293 601 2342 Romulum
621 2292 748 2342 desiderio
768 2295 822 2342 suis
843 2293 925 2341 ruisse
945 2292 1057 2340 declarat
1076 2291 1189 2350 Ennius,
1215 2291 1285 2355 apud

172 2374 247 2420 quem
267 2361 379 2426 populus
402 2363 524 2410 amissum
544 2377 632 2428 regem
652 2362 742 2411 dolens
762 2362 827 2411 haec
846 2362 971 2424 loquitur:
998 2359 1151 2409 oltomule’
1179 2376 1201 2408 c.
1218 2376 1243 2422 q.
1260 2375 1286 2409 s.

171 2427 316 2478 Priscianus
332 2431 368 2478 Vl
381 2445 407 2494 p.
419 2430 507 2481 7081).
528 2431 553 2496 (Ι
569 2446 595 2496 p.
611 2429 718 2494 2621.)
738 2434 851 2480 ‘ueteres
864 2430 913 2478 hoc
931 2442 1076 2494 sanguen
1090 2429 1209 2477 dixerunt
1228 2465 1233 2476 .
1252 2465 1258 2476 .
1276 2464 1283 2477 .

170 2507 197 2544 ut
221 2499 257 2546 ait
271 2499 368 2546 Ennius
390 2535 396 2546 .
415 2535 444 2547 ..
481 2500 549 2548 idem
565 2501 592 2547 in
610 2501 633 2547 ΙΙ
653 2499 751 2548 annali:
778 2501 907 2564 ogenitor
994 2496 1148 2546 oriundum*
1182 2495 1284 2546 Librol

170 2569 290 2631 ascripsit
311 2567 447 2627 Columna,
480 2572 670 2632 ‘peruetustum
696 2583 770 2616 suum
791 2569 915 2616 Prisciani
942 2566 1086 2630 exemplar’
1114 2575 1215 2615 secutus

171 2635 279 2684 LXXlll
298 2636 403 2685 Seruius
418 2638 444 2684 in
458 2638 522 2686 Aen.
538 2637 574 2686 Vl
584 2637 635 2686 764
654 2641 781 2685 ‘aeuum
796 2638 863 2685 enim
879 2637 983 2700 proprie
998 2636 1153 2684 aeternitatis
1167 2643 1205 2684 est
1219 2650 1284 2697 quae

172 2706 286 2754 nonnisi
300 2706 327 2754 in
341 2705 495 2754 deosucnit.
519 2706 629 2754 Ennius:
649 2705 788 2754 Romulus'
808 2723 830 2754 e.
847 2721 871 2767 q.
886 2721 908 2754 s.
936 2704 1023 2755 Cicero
1034 2705 1109 2753 Tuso.
1127 2705 1195 2770 disp.
1212 2705 1223 2753 l
1242 2706 1282 2765 12,

171 2772 205 2822 28
230 2776 278 2822 ‘ex
297 2774 347 2822 hoc
366 2782 391 2823 et
412 2782 554 2823 nostrorum
575 2776 695 2839 opinione
717 2776 868 2823 Romulus
889 2776 922 2823 in
941 2775 1032 2823 caelo
1051 2789 1119 2822 oum
1135 2775 1189 2824 dis
1211 2775 1283 2839 agit

172 2855 299 2901 aeuum,
325 2851 353 2890 ut
372 2843 456 2892 lamae
480 2844 625 2893 adsentiens
647 2844 712 2892 dixit
733 2844 848 2893 Ennius!
884 2844 954 2892 Hanc
970 2843 1112 2910 fragmento
1132 2844 1219 2893 sedern
1236 2844 1284 2892 Co·

172 2909 258 2958 lumna
270 2911 383 2961 attribuit
453 2913 561 2962 LXXIV
579 2913 801 2978 Noniusp.l20,l
818 2913 932 2974 ‘liora,
948 2914 1086 2962 iuuentutis
1100 2914 1157 2963 dea.
1185 2913 1282 2963 Ennius

171 2979 257 3028 annali
273 2981 336 3030 libro
351 2982 362 3030 Ι
378 3018 384 3030 .
401 3017 408 3030 .
423 2983 439 3029 .’
470 2981 509 3033 Cf.
525 2981 621 3032 Gellius
635 2981 744 3034 1111122

172 3161 226 3210 tate
237 3155 297 3210 Tati
308 3156 355 3211 tibi
369 3153 460 3226 Guelf.
471 3155 486 3210 lt
497 3153 609 3211 Isidori.
623 3173 639 3210 o
652 3157 711 3212 Tite
727 3162 781 3212 tate
794 3162 849 3212 tute
862 3158 910 3213 tibi
929 3157 1059 3212 Wucrzb.
1071 3157 1153 3212 nter.
1165 3157 1204 3211 nd
1212 3157 1284 3213 Her.

170 3256 187 3292 o
203 3241 249 3295 tite
265 3247 321 3294 tute
335 3246 390 3294 tate
411 3240 459 3294 tibi
481 3241 542 3294 cod.
558 3241 686 3295 Charisii.
713 3259 730 3294 o
748 3248 804 3315 tute
827 3245 867 3309 (te
883 3245 1008 3309 erasum)
1024 3243 1071 3296 tite
1083 3242 1131 3296 tihi
1147 3243 1216 3308 (tute
1230 3247 1283 3295 tate

169 3341 206 3378 m.
218 3326 266 3378 ult.
277 3326 483 3396 superscripto)
495 3324 566 3383 Por.
573 3324 685 3380 Donati.
697 3325 783 3379 olite
795 3331 850 3380 tate
862 3327 912 3380 tihi
923 3333 1000 3380 tanta
1012 3326 1149 3390 Cluuius,
1166 3327 1217 3380 rel.
1229 3342 1283 3380 orn.

234 3410 322 3476 tanta]
339 3409 387 3462 tari
398 3409 459 3462 cod.
477 3408 597 3462 Charisii
659 3410 768 3464 tiranne
785 3409 855 3482 neq.
870 3409 977 3474 Prisc„
1005 3409 1134 3466 Wuerzb.
1149 3410 1232 3466 thet.
1246 3411 1285 3464 od

169 3491 257 3556 Her„
272 3491 409 3548 Isidorus.
427 3492 508 3562 tyran
519 3493 580 3546 cod.
597 3492 683 3548 utar.
696 3498 815 3565 tyranne
831 3497 917 3550 ceteri
1023 3499 1075 3554 111
1098 3493 1147 3549 diu
1169 3496 1283 3550 eodm.

168 3592 232 3645 pn,
252 3576 325 3651 qnod
336 3575 462 3630 Ciceroni
474 3575 566 3630 tribuit
579 3575 717 3632 Osonnus.
735 3576 782 3632 dia
797 3579 856 3634 cod.
874 3595 912 3634 m.
926 3581 973 3634 alt.
991 3580 1063 3634 dura
1077 3578 1282 3634 Steinuclccrus.

171 3657 229 3712 lida
248 3657 412 3728 Krurupius
434 3657 547 3714 Obseru.
571 3661 632 3713 crit.
652 3677 687 3730 p.
708 3666 742 3718 22
848 3669 899 3720 115
921 3663 966 3717 die
981 3665 1041 3718 cod.
1057 3664 1128 3730 Cic,
1155 3663 1282 3718 Vrsinus.

172 3742 217 3797 dic
233 3759 249 3796 o
264 3743 435 3796 Lactantius.
448 3741 510 3796 dice
526 3741 562 3796 N.
577 3743 709 3798 Heinsius
724 3745 796 3804 Actu.
811 3762 845 3815 p·
857 3750 910 3804 635
965 3798 966 3802 ,
1016 3752 1068 3806 116
1088 3746 1127 3801 dii
1145 3747 1206 3801 cod.
1226 3746 1281 3802 Cic.

171 3828 235 3895 (scd
243 3829 327 3897 prior
342 3827 350 3880 i
364 3827 399 3882 Α.
415 3825 491 3882 Maio
505 3828 566 3881 uisa
584 3833 625 3881 est
639 3831 804 3898 expuncta),
826 3829 987 3886 Lactantius
1061 3833 1221 3890 ,111118
1240 3832 1282 3884 in·
1376 3891 1379 3898 Ι

169 3925 252 3966 uerso
277 3911 374 3968 ordine
397 3911 558 3966 Lactantius
644 3928 753 3984 sangen
779 3913 868 3986 Lupd.
893 3914 986 3970 Prisc.
1073 3914 1117 3970 dis
1139 3916 1201 3970 eod.
1226 3915 1281 3969 Cic.

172 3995 223 4052 d1¹s
240 3995 311 4067 Rep.
326 3995 418 4050 Prisc.
436 3995 491 4050 diis
505 3998 591 4050 ceteri
695 4002 747 4056 119
767 4000 846 4054 caelo
864 3999 934 4056 Gud.
956 4003 985 4055 in
1006 3999 1088 4054 Tusc.
1114 4001 1195 4054 coelo
1211 3999 1282 4070 ch.

169 4081 266 4136 ibidem
282 4081 446 4147 (secundnm
462 4080 596 4150 Treydcri
608 4081 771 4151 silentium),
802 4082 918 4140 Seruius
1003 4084 1049 4138 dis
1066 4085 1136 4155 ch.
1151 4087 1180 4138 in
1200 4083 1281 4138 linc.

172 4165 226 4220 diis
243 4165 313 4220 Gud.
328 4165 408 4233 trid„
424 4164 540 4220 Sentius
625 4181 689 4220 cum
704 4166 748 4222 dis
764 4169 822 4238 agit
836 4183 937 4222 aeuum
954 4167 1048 4224 Cr'ccro
1089 4169 1132 4223 De
1147 4169 1189 4222 dis
1204 4171 1280 4240 peni-

171 4249 268 4304 tniibus
288 4249 328 4320 cf.
343 4250 485 4306 Benticins
499 4248 538 4302 ad
550 4249 623 4304 Hor.
638 4265 727 4307 canu.
741 4267 817 4306 suec.
833 4257 868 4310 16
975 4258 1026 4310 111
1044 4258 1125 4324 teque
1143 4253 1209 4308 add.
1228 4253 1279 4309 Oo-

172 4333 265 4388 lnmno
349 4334 411 4390 hor.
428 4335 532 4406 quirini
546 4333 623 4390 Leid.

1027 4429 1072 4492 2*
