2984 5048
545 479 787 548 RELIQVIAE

628 646 675 716 IX
688 643 704 682 ‘l

812 746 913 830 eheu,
941 745 1067 816 uidete!

215 851 372 924 iudicabit
390 852 535 923 inclitum
555 851 709 922 iudicium
731 851 816 920 inter
837 850 918 918 deis
941 848 1000 918 tris
1022 848 1158 942 aliquis:

215 956 289 1042 Quo
307 956 427 1026 iudicio
442 954 702 1025 Licedaemonia
719 953 844 1036 mulier,
869 951 1041 1022 Furiarum
1058 952 1133 1033 rina,
1157 951 1221 1019 ad-

769 1055 889 1125 ueniet.

650 1171 683 1240 X

213 1288 242 1360 0
267 1290 326 1360 lux
347 1289 481 1374 Troiae,
509 1290 669 1382 germine
690 1287 829 1358 Hector!

144 1403 185 1464 95
214 1446 472 1462 .....
526 1393 605 1485 quid
623 1396 656 1460 te
675 1391 720 1460 ita
738 1390 860 1461 contub
881 1390 1024 1458 lacerato
1044 1385 1193 1476 corpore,
1299 1463 1300 1468 ἵ

209 1497 328 1579 Miser,
350 1497 407 1564 aut
426 1496 531 1587 quite
552 1495 600 1564 sic
618 1495 803 1563 tractauere
821 1493 916 1563 nobis
937 1487 1221 1582 respectiutibus?

643 1645 690 1714 Χ]

215 1763 298 1832 Nam
316 1761 458 1858 minimo
478 1763 565 1832 saltu
583 1763 751 1854 superabit
771 1760 933 1854 griuidus
951 1760 1085 1828 armatis
1103 1777 1220 1848 equus,

215 1864 286 1935 Sub
309 1864 365 1957 qui
387 1867 484 1956 partu
508 1864 725 1958 [prodigioso]
747 1865 862 1955 perdat
875 1863 1039 1954 Pergama
1057 1859 1170 1928 ardua.

670 2016 697 2085 ll

403 2184 411 2200 .
465 2132 584 2202 amidio
605 2017 709 2224 pullus
728 2135 829 2223 putus

148 2330 184 2380 lX
202 2329 290 2380 Cicero
304 2330 336 2380 de
349 2333 401 2383 diu.
419 2330 487 2390 150,
505 2331 554 2383 114
579 2333 732 2384 ‘furibunda
745 2347 816 2383 mens
830 2331 901 2380 uidet
914 2335 972 2378 ante
983 2326 1077 2384 multo,
1097 2325 1224 2389 quaesiui

113 2401 211 2451 lutura:
233 2415 282 2462 quo
297 2400 330 2449 de
341 2415 435 2468 genere
448 2399 493 2449 illa
507 2411 579 2452 sunt:
599 2403 676 2453 eheu'
693 2419 715 2452 e.
726 2418 750 2465 q.
760 2417 781 2450 s.
807 2401 905 2449 ibidem
917 2398 991 2454 1155,
1002 2394 1189 2460 112(cl.V111)

147 2471 172 2520 X
197 2469 342 2519 Macrobius
354 2470 407 2521 Sat.
424 2470 489 2519 V12
508 2486 535 2535 p.
549 2473 597 2522 511
613 2471 670 2520 Jan.
695 2475 725 2520 ‘o
743 2471 789 2519 lux
807 2468 966 2524 Dardaniae,
991 2480 1051 2529 spes
1068 2479 1082 2513 o
1101 2464 1225 2513 fidissima

113 2542 252 2599 Teucrum,
276 2539 428 2602 etreliqua.
455 2535 531 2602 [Aen.
549 2539 646 2603 11281]
664 2541 761 2589 Ennius
782 2540 809 2587 in
827 2535 974 2586 Alexandro
996 2534 1047 2581 ...⁹
1118 2532 1153 2581 Xl
1172 2531 1226 2580 Ma·

113 2610 215 2659 crebius
233 2607 287 2657 Sat.
308 2609 372 2658 Vl2
392 2623 418 2672 p.
437 2605 564 2661 5135111.
589 2612 660 2658 ‘cum
679 2608 765 2658 latslis
782 2621 862 2670 equus
882 2604 949 2654 saltu
965 2618 1043 2668 super
1060 2602 1139 2650 ardua
1156 2601 1226 2650 uenit

116 2679 255 2744 Pergama,
276 2684 301 2726 et
315 2685 440 2726 armatum
453 2675 564 2740 peditem
581 2678 669 2744 grauis
682 2677 766 2728 attulit
779 2676 846 2726 aluo.
868 2674 943 2740 [Aen.
958 2674 993 2722 VI
1008 2669 1070 2736 515]
1088 2671 1184 2720 Ennius
1199 2671 1226 2718 in

114 2746 263 2798 Alexandro
279 2747 328 2794 ...’
361 2746 431 2796 Idem
447 2745 500 2795 Sat.
516 2745 746 2813 liupaldum.
767 2747 869 2810 ‘quem’
888 2744 938 2810 (sc.
954 2756 1060 2807 porcum
1073 2736 1225 2802 Troianum)

112 2817 168 2866 ‘illi
188 2817 246 2866 ideo
268 2816 305 2864 sic
321 2817 460 2874 uocabant,
488 2817 562 2878 quasi
584 2817 643 2866 aliis
661 2817 767 2866 inclusis
787 2815 941 2865 animalibus
959 2811 1109 2878 grauidum,
1135 2817 1162 2858 ut
1181 2807 1226 2857 ille

113 2887 240 2935 Troianus
256 2899 337 2947 equus
350 2884 509 2950 grauidus
524 2887 657 2937 armatis
671 2885 738 2937 mur
809 2885 858 2934 XII
876 2884 966 2934 Festus
980 2896 1006 2946 p.
1023 2879 1073 2930 217
1087 2879 1121 2930 M.
1141 2876 1226 2942 ‘[pu-

112 2964 176 3004 tum
186 2968 233 3019 pro
242 2968 306 3018 puro
317 2953 426 3018 dixisse]
442 2955 603 3018 antiquos-
612 2983 647 2993 -
659 2954 755 3021 ue[que
768 2955 842 3004 aliter
855 2952 953 3017 accepit
967 2950 1064 3000 Ennius
1078 2965 1134 2998 curn
1148 2945 1224 3012 dixit]

113 3024 311 3074 inalexandr
332 3060 464 3072 .........
485 3025 604 3074 amidio
630 3041 730 3090 purus
753 3021 904 3090 put[us].’
935 3019 984 3086 (cf.
1004 3020 1035 3069 H.
1054 3018 1152 3068 Keilius
1170 3016 1187 3064 l.
1207 3016 1224 3064 1.

114 3111 141 3160 p.
156 3090 222 3156 622)
250 3091 348 3143 Gellius
363 3094 397 3142 Vl
413 3095 430 3144 5
447 3095 585 3160 ‘scriptum
599 3103 637 3144 est
649 3101 733 3146 autem
747 3109 858 3160 purum
871 3099 983 3158 putu-m
1050 3102 1107 3136 curn
1121 3088 1148 3136 in
1161 3086 1226 3135 mul-

113 3165 147 3213 tis
167 3163 225 3212 aliis
245 3170 360 3212 ueterum
376 3163 462 3224 libris,
484 3171 538 3214 tum
556 3165 583 3213 in
598 3163 627 3222 Q.
648 3180 749 3228 quoque
764 3163 840 3214 Ennii
854 3159 1003 3226 tragoedia,
1026 3171 1091 3220 quae
1110 3155 1228 3206 inscribi-

113 3242 155 3282 tur
168 3231 333 3282 Alexander!

107 3438 244 3509 purique.
261 3437 412 3506 compleuit
425 3435 502 3492 Laid.
518 3439 579 3496 Eri,
597 3438 677 3495 Vind.
694 3438 733 3510 cf.
745 3437 883 3510 Berplcius
895 3435 1010 3508 Epirum.
1022 3434 1147 3490 Durmst.
1161 3435 1230 3490 1834

107 3539 142 3592 p.
152 3524 220 3578 1008
304 3523 339 3578 91
353 3519 640 3594 iudicabitBerplcius,
651 3521 839 3595 M.'Huuptius
848 3521 946 3578 Philol.
959 3518 1013 3575 ΙΙΙ
1022 3522 1081 3586 547,
1093 3519 1230 3590 quietiora

114 3617 244 3659 numeros
265 3604 408 3658 constituit.
430 3604 569 3661 iudicauit·
586 3597 650 3661 libri
733 3608 856 3660 inclitum
871 3605 934 3659 Eri.
950 3605 1085 3674 inclytum
1105 3601 1186 3656 Vind.

158 3710 230 3764 inter
246 3707 315 3762 deas
330 3710 379 3764 tris
396 3705 473 3764 Leid.
488 3726 550 3766 cum
561 3712 713 3784 plerisque.
729 3692 799 3784 1111111,Ι
818 3709 937 3763 deastris
959 3707 1039 3765 Vind.
1062 3708 1110 3772 (us
1125 3721 1163 3757 m.
1181 3704 1230 3757 aii.
1280 3749 1290 3760 .

113 3794 272 3866 superscr.)
289 3792 359 3846 inter
375 3791 410 3847 de
427 3795 509 3848 astris
525 3795 587 3851 Eri.
696 3799 821 3854 94-96
844 3792 948 3854 Versus
961 3791 1096 3846 constituit
1117 3787 1148 3842 0.
1166 3787 1230 3842 Rib-

115 3877 226 3934 beclcius
332 3881 367 3934 95
388 3884 415 3932 ie
439 3877 476 3933 iia
493 3885 594 3934 contuo
617 3879 738 3936 Vossius.
763 3881 800 3934 ita
822 3894 885 3932 cum
900 3883 946 3931 tuo
962 3876 1026 3932 libri
1130 3875 1165 3930 96
1188 3888 1230 3926 re·

116 3963 309 4035 spectantibus
333 3967 489 4017 tractauere
512 3966 593 4020 nobis
611 3965 689 4032 libri,
716 3963 887 4035 transposuit
909 3957 1126 4015 omitteretis

113 4051 149 4106 97
165 4047 243 4116 nam]
259 4062 333 4101 nuuc
344 4045 415 4102 Pur.
503 4050 645 4120 superabit
663 4049 781 4105 Vossius.
797 4046 940 4118 superauit
950 4045 1013 4100 libri
1097 4041 1230 4114 grauibus

115 4133 229 4188 armatis
240 4132 346 4204 duplic.
358 4131 429 4186 Pur.
441 4131 515 4188 Med.
528 4152 546 4188 u
557 4135 597 4189 bc
609 4134 697 4206 Ncup.
710 4134 806 4205 grauis
818 4137 940 4188 arcuatus
952 4127 1050 4184 Salisb.
1137 4129 1172 4185 98
1184 4125 1230 4196 qui

117 4233 168 4272 suo
183 4222 265 4288 partu
281 4215 370 4271 ardua
385 4217 487 4287 perdat
501 4218 640 4290 Pergama
654 4219 729 4284 libri,
750 4219 805 4272 uisi
818 4215 892 4287 quod
909 4215 1048 4286 Pergaura
1062 4228 1114 4267 om.
1131 4209 1230 4265 Sulisb.

118 4318 169 4356 suo
184 4302 231 4373 qui
247 4305 329 4372 partu
343 4300 444 4374 perdat
459 4303 598 4374 Pergama
614 4301 703 4357 ardua
718 4299 865 4373 Berplriua
882 4316 933 4354 suo
950 4298 997 4370 qui
1012 4301 1093 4369 partu
1186 4310 1231 4348 ar-

26 4449 28 4455 y
117 4384 175 4440 dua
189 4385 289 4457 perdat
304 4387 443 4458 Pergama
459 4387 654 4442 Fleckeisenus
