2984 5048
561 456 801 526 necrovrnu
1178 444 1240 508 159
1286 515 1289 522 ⁴

230 627 338 712 Quom
361 581 534 709 lrustrastss
548 625 686 694 trustra
706 624 797 693 illurn
815 623 891 720 dicit
912 625 1036 694 frustra
1054 622 1140 692 esse.
1226 645 1232 652 ·

228 733 310 800 Nam
333 730 387 822 qui
411 751 448 799 se
470 728 620 798 frustrari
641 728 739 820 quern
759 728 901 797 frustras
920 728 1030 810 sentit,

155 843 199 904 35
229 834 294 919 Qui
313 833 492 903 frustratdr
510 833 684 916 frustrast,
712 832 743 900 si
763 831 817 901 ille
841 852 907 901 non
927 835 978 900 est
997 830 1129 899 lrristra.

228 1089 337 1158 Meum
359 1087 515 1173 nonest,
543 1109 582 1157 ac
604 1085 632 1156 si
655 1085 707 1156 rne
731 1083 823 1156 canis
845 1083 1063 1155 memdrderit.

664 1225 706 1294 lIl

229 1339 449 1424 Quintilianus
471 1340 517 1410 lx
541 1349 571 1424 2,
595 1349 636 1410 36
665 1340 744 1410 ‘sed
772 1341 897 1411 formas
925 1317 1057 1432 quoque
1081 1337 1239 1428 tingimus

118 1463 228 1532 saepe
247 1449 283 1512 ut
303 1447 423 1514 sarnam
442 1443 631 1534 Vergilius
660 1447 696 1512 ut
718 1445 923 1535 uoluptatem
944 1466 983 1512 ac
1005 1443 1157 1511 uirtutem
1183 1493 1237 1509 ...

119 1544 296 1629 Prodicus,
316 1552 352 1617 ut
365 1551 536 1617 nrortenr
552 1568 597 1616 ac
614 1545 755 1629 uitam,
772 1569 855 1641 quas
870 1546 1108 1617 contendentes
1124 1543 1239 1632 (con-

24 1697 27 1710 .
120 1649 365 1719 sentientes
385 1652 462 1720 Tur.
486 1649 600 1720 Anrbr.
624 1650 696 1738 ab)
720 1650 752 1718 in
775 1654 889 1720 satura
910 1650 1009 1720 tradit
1026 1647 1173 1718 Ennius!

658 1784 706 1854 lV

229 1901 355 1973 Gellius
372 1902 399 1972 Π
415 1912 455 1974 29
485 1903 648 1987 ‘auicula,
671 1901 789 1995 inquit'
810 1901 1016 1992 (Aesopus),
1041 1900 1109 1969 ‘est
1124 1921 1239 1990 parua,

122 2025 245 2072 nornen
267 2009 318 2074 est
339 2006 470 2076 cassita.
520 2006 655 2075 Habitat
680 2006 912 2097 nidulaturque
932 2004 965 2072 in
989 2002 1179 2094 segetibus,
1208 2003 1240 2070 id

122 2107 228 2175 lerme
246 2109 421 2199 temporiS,
444 2112 481 2184 ut
503 2112 637 2200 appetat
658 2109 778 2179 messis
799 2108 900 2200 pullis
917 2107 982 2176 iarn
1000 2105 1065 2174 iarn
1085 2105 1241 2196 pluman-

123 2208 223 2278 tibus,
264 2210 312 2280 Ea
333 2212 456 2282 cassita
479 2213 512 2281 in
534 2214 701 2282 sementes
722 2213 808 2281 forte
829 2212 1049 2302 congesserat
1066 2209 1241 2300 tempesti-

24 2439 25 2464 ;
124 2410 189 2458 mini
208 2425 313 2465 numero
328 2419 442 2478 septem,
463 2428 570 2475 quorum
586 2415 670 2478 prima
684 2414 733 2463 tun
747 2412 872 2463 enarratio
886 2411 978 2460 borum
991 2425 1111 2458 uersuum
1127 2411 1241 2474 quisunt

125 2478 151 2526 in
165 2481 258 2528 saturis
273 2479 358 2539 Quinti
373 2483 463 2532 Ennii'
483 2483 632 2550 (saturis
646 2483 728 2548 Lugd.
744 2482 865 2548 Magliab.
883 2481 1001 2529 satiris
1014 2480 1090 2529 ceteri
1145 2481 1240 2544 quin-

124 2547 232 2598 tienni
247 2551 324 2599 Vasa.
340 2549 455 2614 Thuan.)
479 2556 544 2601 ‘uno
565 2552 731 2601 multifariam
747 2551 826 2601 uerbo
848 2549 1003 2598 concinniter
1019 2548 1156 2613 implicati:
1179 2565 1241 2612 quo-

125 2632 181 2666 rum
201 2620 348 2684 exemplum
370 2619 419 2670 boc
439 2628 490 2670 est:
514 2636 574 2670 narn
592 2622 648 2683 qui'
676 2637 698 2670 c.
717 2636 742 2682 q.
759 2637 780 2670 s.
853 2620 875 2668 ll
896 2617 993 2668 Gellius
1009 2617 1088 2667 Vllll
1108 2621 1240 2684 ‘poposci,

126 2689 282 2738 momordi
383 2690 435 2740 Sed
453 2689 482 2748 Q.
505 2692 602 2740 Ennius
624 2692 651 2740 in
672 2691 778 2740 saturis’
809 2689 860 2756 (in
882 2688 998 2736 satiris
1016 2687 1084 2736 suis
1105 2688 1240 2751 Rottend.)

127 2758 352 2807 ‘memorderit
373 2759 439 2808 dixit
454 2775 501 2824 per
519 2777 533 2809 e
549 2760 674 2819 litteram,
696 2775 746 2808 non
760 2758 939 2808 momorderit’
959 2756 1239 2822 (momordederit

128 2843 198 2908 Par.)
215 2847 348 2908 ‘Meum‚
371 2850 474 2911 inquit‚'
494 2826 594 2917 (inid
608 2825 681 2915 Par.)
694 2854 772 2900 ‘nou
788 2850 848 2900 est*
863 2865 886 2898 e.
899 2864 924 2910 q.
938 2862 959 2896 s.
988 2847 1086 2896 Nonius
1096 2863 1121 2914 p.
1137 2848 1194 2908 140,
1206 2851 1240 2900 ‘25

129 2917 311 2977 ‘memordi‚
336 2921 444 2984 poposci
525 2921 552 2970 in
571 2922 701 2972 ueteribus
721 2921 787 2971 lecta
806 2927 864 2970 sunt
886 2953 958 2967 ....
980 2917 1090 2966 Ennius:
1117 2931 1167 2968 non
1189 2921 1239 2969 est'

128 3000 150 3034 e.
172 3001 196 3046 q.
217 3000 238 3034 s.

128 3190 154 3243 in
168 3189 261 3245 Plauti
274 3191 411 3264 Amphitr.
430 3200 487 3252 c.2
572 3198 660 3266 saro.
684 3194 810 3248 frustrari
832 3187 882 3250 que]
898 3185 1022 3235 frustrari.
1042 3206 1123 3260 quem
1140 3191 1240 3244 trustra

130 3290 188 3327 rum
205 3275 272 3330 dicit
294 3277 371 3333 Voss.
457 3282 492 3338 33
509 3295 592 3350 quorn
609 3279 749 3344 lrustrast]
766 3293 848 3348 quem
865 3279 1011 3332 frustratur
1025 3275 1153 3345 plerique
1167 3275 1238 3329 libri.

131 3361 331 3450 qiu-frustratur
341 3384 429 3455 366961.
503 3381 591 3458 illurn]
603 3400 665 3442 euru
678 3383 741 3438 libri
825 3388 860 3442 33
874 3384 1003 3438 trustrast
1014 3411 1056 3419 -
1066 3383 1102 3439 34
1114 3381 1238 3435 frustrari

131 3467 363 3538 qrromom.Rc9.
450 3471 486 3525 34
502 3485 566 3523 sese
580 3455 662 3523 librix
718 3469 834 3523 frustras
850 3469 891 3536 (lt.
904 3483 925 3522 e.
940 3468 1085 3533 frustrane,
1098 3465 1137 3536 cs.
1153 3465 1238 3538 Troy.

132 3551 193 3613 152)
208 3551 290 3604 sentit
303 3550 433 3622 Muyliob.
450 3553 641 3608 frustrassent.
657 3553 685 3606 ld
698 3553 767 3624 Ray.
787 3555 968 3608 frustrassem
984 3549 1012 3606 id
1024 3551 1112 3622 Laod.
1132 3549 1238 3608 Thoan.

133 3632 245 3688 frustras
262 3636 332 3690 senti
355 3635 433 3690 Voss.
456 3637 557 3691 trustra
573 3638 655 3691 sentit
669 3637 752 3707 uulyo
837 3643 873 3696 35
895 3639 1043 3690 frustratur
1065 3637 1089 3689 is
1112 3635 1238 3692 trustrast

132 3715 214 3787 Laod.
225 3717 356 3790 Martiali.
372 3721 518 3774 frustratur
533 3721 557 3774 is
575 3722 676 3779 trustra
691 3726 733 3774 est
747 3723 832 3775 ceteri
842 3722 905 3776 libri
989 3721 1013 3774 si
1027 3717 1154 3792 plentur
1168 3721 1238 3777 libri.

134 3817 155 3872 s5
167 3800 237 3870 (16.6.
249 3807 304 3872 set)
313 3804 394 3876 Ray„
407 3804 616 3874 om.Acidalius,
630 3804 662 3859 G.
670 3804 850 3860 Hermunnus
858 3805 946 3860 Eleo
958 3804 1046 3860 doctr.
1057 3808 1137 3858 metr.
1145 3821 1178 3876 p,
1186 3811 1238 3866 453

133 3909 175 3978 qui
187 3910 327 3966 trimetros
335 3910 489 3966 trochaicus
499 3912 604 3966 mauult
682 3927 738 3966 non
754 3913 799 3965 ille
818 3909 883 3966 libri
959 3916 1002 3964 est
1019 3888 1131 3965 trustra't
1142 3909 1239 3984 duod„
1332 3915 1337 3924 ‘

133 3994 176 4048 scd
187 4001 250 4049 nota
266 3998 294 4050 in
306 3997 431 4068 murqinc
446 3999 558 4068 oppleta
572 4013 627 4067 quo
642 3997 716 4052 r'stud
725 3998 830 4067 corrant·
842 3996 948 4051 iubetur
1034 3993 1076 4066 Os.
1090 3995 1124 4049 de
1138 3997 1238 4051 eusdem

134 4079 249 4134 uersibus
257 4079 383 4136 Muretus
395 4081 659 4152 opudCastaliortem
674 4080 741 4135 Var.
750 4081 898 4138 Lecl.c.23
909 4079 1003 4150 (Grul.
1011 4077 1110 4150 Lamp.
1119 4079 1137 4133 1
1142 4079 1238 4149 Vseo)

170 4201 203 4255 36
225 4216 316 4254 rneunr
339 4215 392 4256 cm.
410 4198 515 4253 Nonius
600 4215 633 4254 ac
650 4200 672 4252 si
689 4215 732 4252 rue
748 4199 818 4252 Par.
844 4197 903 4252 Vat.
921 4165 1020 4253 alsime
1033 4195 1158 4255 Rotteud.
1174 4205 1201 4252 at
1214 4199 1237 4252 si

135 4297 173 4334 rne
187 4287 270 4339 ceteri
282 4284 368 4340 Gellii.
384 4289 412 4338 ut
431 4283 454 4338 si
470 4299 515 4336 rne
531 4281 636 4338 Nonius
722 4286 800 4336 canis
815 4298 869 4336 non
885 4290 959 4337 certo
977 4287 1097 4353 apparet
1112 4284 1141 4335 ln
1165 4281 1237 4349 Vct,

134 4365 210 4436 poem
223 4368 269 4422 uel
282 4375 360 4423 catus
376 4382 437 4422 erec
