3112 5040
655 409 887 466 ANNALIVM

722 579 801 648 XIX
815 576 831 614 *

327 703 468 788 Quintus
485 704 579 793 pater
597 702 747 792 quartum
770 698 806 768 fit
827 696 944 768 consul

728 847 792 916 XX
806 844 822 882 *

324 1018 583 1036 .....
637 966 679 1035 de
698 966 801 1036 muris
818 987 888 1035 rem
907 965 994 1058 gerit
1012 961 1154 1055 Opscus.

721 1112 799 1183 XXI
813 1111 829 1149 *

237 1239 298 1302 295
326 1229 377 1302 Ob
397 1231 536 1301 Romam
556 1234 655 1300 noctu
674 1229 825 1322 legiones
845 1231 965 1300 ducere
987 1229 1103 1321 coepit.

712 1375 804 1445 XXII
819 1373 834 1410 *

307 1503 310 1513 ¹
325 1493 481 1563 Summus
500 1492 543 1562 ibi
561 1492 687 1585 capitur
705 1493 853 1562 meddirr:
882 1493 1040 1565 occiditur
1058 1472 1149 1564 aIter.
1183 1538 1186 1547 ·

638 1637 647 1654 ’
725 1640 832 1710 XXIII

387 1810 394 1826 .
449 1758 552 1826 mulia
570 1757 640 1827 dies
661 1757 694 1827 in
713 1758 800 1828 bello
819 1758 949 1829 conficii
969 1781 1073 1829 unus:

324 1861 365 1930 Et
386 1882 501 1929 rursus
521 1860 641 1930 multae
662 1862 814 1931 fortunae
832 1862 917 1930 sorte
939 1862 1145 1932 recumbunt:

325 1963 588 2056 Haudquaquam
605 1986 808 2072 'quemquam
827 1986 958 2056 semper
978 1966 1111 2076 Ioriuua
1129 1967 1243 2036 secuta
1260 1970 1320 2038 est.

223 2169 378 2215 ‘occasus
397 2166 514 2215 interitus
593 2181 642 2228 quo
661 2165 786 2217 uocabulo
799 2165 895 2216 Ennius
914 2171 954 2215 est
971 2180 1032 2214 usus
1051 2166 1077 2214 iu
1090 2164 1135 2215 lib.
1150 2167 1183 2215 II:
1208 2165 1254 2231 [IV
1267 2167 1298 2230 fr.
1313 2167 1333 2232 I]

224 2237 322 2286 itemin
337 2235 401 2284 I.V:
423 2233 456 2299 [1]
481 2235 541 2284 item
557 2234 751 2285 inI.VIII...’
823 2234 885 2285 XIX
898 2234 1047 2285 Gelliule
1063 2235 1157 2284 ‘uerba
1169 2235 1202 2284 Μ.
1212 2237 1335 2288 Varronis

225 2321 256 2354 ex
273 2305 338 2354 Iibro
358 2305 551 2370 disciplinarum
565 2305 651 2367 quinto
665 2305 729 2354 haec
741 2311 813 2354 sunt:
839 2304 909 2354 aliud
928 2311 965 2353 est
986 2312 1102 2366 quarto
1119 2311 1261 2369 praetorem
1281 2306 1335 2357 fieri

147 2415 150 2428 ,
223 2382 248 2424 et
269 2381 432 2438 quartum:
459 2375 528 2437 quod
541 2382 630 2436 quarto
643 2375 726 2424 Iocum
741 2373 902 2440 adsignificat
916 2388 945 2422 ac
959 2367 1010 2422 tres
1025 2381 1083 2423 aute
1098 2373 1193 2434 iactos3
1218 2385 1337 2438 quartum·

223 2451 325 2510 tempus
347 2443 509 2511 adsignificat
526 2451 550 2493 et
568 2452 607 2498 ter
625 2452 683 2494 ante
701 2444 804 2493 iactum.
838 2445 918 2510 Igitur
929 2445 1026 2493 Ennius
1049 2450 1117 2493 recte
1132 2444 1200 2506 quod
1218 2447 1334 2510 enupsit:

224 2513 344 2574 Quintus'
360 2529 446 2577 e.q.s.
463 2513 799 2580 (Enniusrectequod
812 2512 1109 2578 scripsitbisLugd.)
1124 2513 1221 2564 Nonius
1234 2531 1260 2580 p.
1274 2515 1335 2578 435,

223 2583 256 2634 13
273 2588 437 2647 ‘quartum
452 2591 477 2633 et
490 2591 606 2646 quarto
625 2585 762 2649 prudentes
776 2584 878 2633 differre
890 2582 1016 2632 dixerunt.
1043 2583 1124 2632 Varro
1141 2584 1335 2649 dispriinarum

223 2655 325 2716 quicto:
344 2653 415 2702 aliud
428 2660 466 2702 est
480 2660 568 2714 quarto
582 2662 725 2718 praetorem
740 2652 794 2702 fleri
807 2653 878 2702 aliud
892 2653 1036 2715 quartum':
1053 2651 1168 2718 (aliud
1183 2663 1335 2717 quartum

223 2737 273 2772 om.
297 2720 386 2785 Leid.)
410 2725 450 2771 ‘et
470 2723 601 2784 quartum’
625 2723 763 2786 (quarto
784 2721 872 2786 Leid.)
900 2721 997 2770 ‘Iocum
1016 2721 1145 2787 significat
1163 2730 1186 2772 et
1206 2731 1257 2774 tres
1278 2733 1336 2775 ante

224 2793 320 2851 iactos,
344 2799 433 2855 quarto
451 2799 551 2857 tempus
567 2791 694 2858 siginificat
706 2799 731 2841 et
745 2799 855 2841 terame
869 2791 972 2841 iactum.
1001 2791 1097 2840 Ennius
1111 2800 1191 2842 recte:
1214 2792 1334 2853 Quintus'

223 2878 245 2912 e.
267 2879 292 2924 q.
316 2877 337 2910 s.
374 2861 439 2910 Huic
463 2860 527 2909 Iibro
545 2861 643 2911 Merula
664 2861 770 2912 ascribit
791 2875 848 2910 oum
870 2861 952 2910 tribus
978 2861 1104 2926 proximis
1174 2861 1223 2911 XX
1247 2865 1336 2914 Festus

222 2947 249 2996 p.
260 2929 349 2982 rtem.
371 2929 486 2979 ‘Oscos
499 2945 563 2992 quos
573 2931 681 2980 dioimus
691 2932 727 2980 ait
736 2931 843 2980 Verrius
853 2930 979 2996 Opscus
993 2938 1067 2980 antea
1081 2931 1162 2980 dictos
1176 2939 1240 2982 teste
1254 2934 1336 2984 Ennio

223 3015 299 3064 quom
315 3000 395 3049 dicat:
421 3000 470 3049 de’
493 3015 516 3048 e.
531 3015 556 3062 q.
571 3015 593 3049 s.
664 2999 726 3049 XXI
743 3001 838 3050 Paulus
856 3001 924 3049 Festi
937 3015 963 3065 p.
981 2999 1030 3050 179
1044 3000 1078 3049 M.
1106 3001 1159 3050 ‘ob
1179 3005 1336 3068 praepositio

296 3084 343 3136 pro
360 3069 410 3129 ad,
429 3069 580 3129 utEmtius:
609 3069 658 3118 ob’
678 3086 700 3119 e.
724 3084 748 3132 q.
768 3084 790 3119 s,
818 3071 907 3119 Festus
922 3084 948 3135 p.
965 3067 1014 3119 178
1029 3068 1062 3119 Μ.
1082 3069 1155 3137 (post
1167 3086 1286 3137 magnam
1299 3073 1336 3123 Ia-

223 3139 331 3204 cunam)
354 3140 476 3189 ‘Romam
494 3153 542 3189 noc
560 3174 789 3188 ...............
814 3140 846 3190 ob
861 3139 964 3189 Troiam
984 3139 1075 3188 duuit.¹
1111 3139 1181 3190 Idem
1195 3157 1222 3206 p.
1239 3140 1288 3193 190
1301 3144 1334 3192 M.

224 3210 456 3276 ‘praepositionem
470 3209 508 3258 ob
522 3225 569 3275 pro
581 3209 615 3258 ad
628 3209 730 3258 solitam
743 3210 804 3275 poni
819 3209 892 3259 testis
905 3208 948 3258 hic
962 3223 1052 3258 uersus
1121 3216 1145 3258 et
1158 3209 1269 3260 Ennius:
1290 3213 1334 3262 ob'

223 3296 246 3330 e.
262 3295 286 3342 q.
302 3295 324 3329 s.
361 3279 455 3328 Paulus
467 3294 493 3344 p.
509 3280 558 3329 147
571 3279 605 3328 Μ.
636 3281 643 3306 ‘
651 3285 758 3328 mortem
772 3278 857 3328 obisse
871 3279 980 3328 dicimus
994 3293 1024 3328 ea
1037 3279 1218 3329 consuetudine
1232 3297 1283 3343 qua
1297 3282 1336 3331 di-

222 3356 314 3398 xerunt
336 3347 434 3410 antiqui
456 3349 492 3397 ob
511 3349 640 3398 Itomam
665 3349 820 3413 legiones
841 3348 955 3398 ductas
982 3355 1005 3396 et
1027 3349 1065 3397 ob
1087 3349 1217 3400 Romam
1237 3350 1336 3400 duxit

223 3417 426 3467 exercitum.'
497 3417 571 3466 XXII
592 3416 686 3466 Paulus
704 3417 772 3466 Festi
787 3432 814 3483 p.
829 3417 920 3468 taam.
947 3417 1093 3467 ‘meddix
1111 3418 1181 3484 apud
1193 3417 1272 3470 Oscos
1292 3435 1336 3470 no-

221 3501 280 3550 pren
295 3487 458 3551 magistratus
473 3493 520 3535 est.
547 3486 659 3536 Ennius:
673 3487 800 3536 summus'
815 3504 837 3536 e.
853 3503 877 3550 q.
892 3503 913 3536 s.
942 3486 1066 3536 Thesaur.
1080 3501 1139 3536 nou.
1153 3487 1209 3536 Lat.
1223 3489 1270 3554 (Α.
1286 3489 1336 3539 Mai
1368 3535 1371 3540 .

223 3563 290 3610 auct.
305 3555 380 3606 class.
395 3556 456 3605 VIII
471 3552 536 3619 360)
556 3555 701 3606 ‘meddis
715 3558 893 3622 magistratus,
913 3557 1094 3608 didasoaIatus.
1131 3557 1273 3608 Caecilius:
1293 3560 1337 3609 ubi

222 3627 352 3676 summus’
381 3642 403 3676 c.
418 3642 443 3689 q.
458 3641 480 3676 s.
552 3625 638 3676 XXIII
657 3626 801 3676 Macrobius
817 3626 870 3678 Sat.
886 3628 953 3677 VI2
974 3641 999 3692 p.
1016 3626 1068 3678 510
1081 3626 1138 3676 Jau.
1166 3627 1262 3678 ‘muita
1281 3628 1337 3679 dies

264 3805 316 3860 293
339 3799 470 3868 Quintus]
496 3801 621 3870 quintum
648 3799 726 3856 Laid.
831 3804 884 3860 296
910 3801 956 3856 ubi
978 3817 1103 3856 summus
1128 3801 1264 3857 Thesaur.
1295 3801 1334 3874 cs.

222 3885 361 3958 Bcrplcius
376 3883 441 3942 Iud.
457 3885 519 3940 lect.
533 3883 628 3940 Mari·
643 3891 710 3938 aest.
727 3889 796 3944 1644
808 3903 842 3958 p.
857 3882 924 3952 III,
944 3885 994 3964 yid
1006 3891 1097 3941 tumen
1120 3888 1247 3943 ‘turicum
1260 3887 1334 3942 med.

222 3971 324 4026 dicem'
349 3985 429 4042 quem
439 3971 524 4040 poeta
545 3971 711 4024 ‘summum'
736 3971 800 4024 dieii
810 3977 999 4043 poramrecte
1012 3972 1154 4042 explicant.
1180 3970 1275 4038 Quode
1289 3971 1338 4026 adi

224 4056 275 4112 Ta.
290 4055 489 4111 Mommaermm
505 4051 539 4108 dc
553 4054 676 4108 dialectis
689 4052 754 4109 Ital.
770 4053 823 4126 inf.
837 4071 868 4124 p.
883 4059 947 4114 304.
972 4055 1007 4110 de
1023 4056 1145 4111 meddiec
1159 4057 1230 4110 idem
1239 4073 1272 4127 p.
1283 4058 1336 4114 278

220 4144 246 4195 et
261 4139 468 4195 Schoemonnne
482 4136 545 4193 Iud.
561 4137 648 4194 schot.
667 4137 823 4212 &typicam
839 4143 906 4194 aest.
925 4143 995 4198 rato
1100 4139 1167 4194 Post
1190 4143 1242 4199 297
1257 4142 1334 4195 exct-

220 4225 292 4280 diate
306 4224 473 4280 sarcinatum
486 4224 613 4295 suspicor
719 4227 771 4284 299
791 4239 959 4297 quemquam
980 4239 1034 4280 om.
1049 4225 1156 4298 Arrqlic.
1172 4224 1241 4280 Par.
1257 4223 1334 4280 Med.

218 4309 310 4382 Necp.
401 4373 411 4390 ⁶

1535 4103 1552 4164 a
