2984 5048
567 463 810 532 RELIQVIAE

237 746 376 832 Quantis
396 771 469 819 cum
491 751 658 823 aemmnis
675 751 766 822 rllum
785 751 959 823 exanclaui
978 749 1080 820 diem!

649 904 710 976 ΧΠ
724 902 741 940 *

236 1015 332 1103 Vidi,
362 1018 474 1088 uidere
495 1021 584 1112 qnod
608 1043 682 1092 sum
701 1043 804 1114 passa
824 1020 1031 1114 aegerrume,

236 1118 411 1190 Hectorem
430 1144 529 1193 curru
548 1123 746 1218 quadriiugo
768 1124 939 1216 repla'ricr,

149 1229 212 1290 130
238 1221 391 1294 Hectoris
410 1229 522 1296 natum
540 1227 581 1298 de
600 1249 694 1298 muro
711 1225 872 1298 iactdrier.
897 1294 901 1312 ,

570 1409 575 1421 ³
652 1374 728 1446 Xlll

236 1489 357 1560 Festus
375 1514 407 1581 p.
428 1499 491 1563 298
506 1494 549 1563 Μ.
575 1492 854 1585 ‘[summn]ssi
872 1491 1063 1562 dicebantur
1082 1492 1246 1582 [murmu-

128 1592 274 1683 ratores]
298 1645 357 1662 ...
379 1592 525 1665 Naeuius
542 1636 593 1648 -
611 1596 738 1666 Ennius
756 1595 790 1664 in
811 1597 907 1665 sexto
931 1594 1002 1687 [Vl]
1034 1594 1185 1686 [EnniuJS
1214 1593 1246 1662 in

129 1693 383 1766 Andromacha:
411 1695 544 1791 di[cere]
650 1697 742 1790 [nolu
760 1702 829 1767 est:
852 1720 926 1768 nam
946 1720 1096 1768 mussare
1115 1697 1143 1781 si
1161 1747 1235 1765 .....
1239 1696 1245 1721 ’

549 1881 823 1955 ANDROMEDA

686 2019 700 2088 l

237 2185 245 2201 .
299 2187 306 2202 .
361 2187 368 2202 .
423 2188 430 2203 .
485 2157 570 2227 quae
587 2135 671 2205 edna
687 2137 770 2207 caeli

237 2235 519 2328 Signitenentibus
538 2238 675 2309 conficis
693 2239 797 2332 bigis!
820 2325 822 2330 Ι

659 2388 687 2457 ll
702 2385 718 2423 *

237 2557 618 2576 .......
672 2510 705 2575 et
722 2507 796 2598 quis
813 2504 908 2573 illaec
924 2506 991 2587 est,
1012 2525 1097 2595 quae
1113 2503 1247 2596 lugubri

238 2607 413 2679 succincta
434 2611 486 2676 esl
507 2607 618 2677 stola?

170 2807 206 2856 XI
234 2807 331 2858 Nonius
355 2823 382 2874 p.
407 2807 472 2868 292,
496 2807 513 2858 8
544 2808 735 2858 ‘exanclare
760 2809 837 2859 etiam
862 2804 990 2873 significet
1014 2804 1122 2872 perpeti.
1150 2805 1248 2854 Ennius

139 2877 361 2927 Andromache
381 2877 463 2926 malo
482 2879 667 2939 torquentis
690 2879 760 2928 cum·
784 2894 807 2927 e·
827 2892 852 2938 q.
874 2891 895 2925 s.
927 2873 1133 2940 (torquentis
1152 2872 1247 2923 Geneu.

139 2945 231 2995 Andr.
259 2945 515 2997 eeohmalotide:
544 2947 675 3009 quantis
697 2947 815 2997 Rothius.
845 2943 1069 3010 Andromache
1097 2943 1247 2993 molotto:

139 3015 267 3077 quentis
285 3013 428 3080 Mercerus)
496 3015 543 3064 Xll
567 3013 654 3066 Cicero
667 3017 743 3067 Tusc.
759 3017 827 3081 disp.
843 3016 854 3063 Ι
873 3015 916 3074 44,
934 3014 984 3065 105
1009 3012 1099 3062 ‘trahit
1115 3012 1269 3062 Hectorem-

198 3083 313 3134 Aehilles
399 3086 432 3135 At
450 3084 495 3134 illa
513 3085 579 3134 sicut
596 3085 788 3136 acerbissimam
805 3099 859 3134 rem
872 3091 981 3133 moeret:
1003 3081 1075 3147 [128.
1093 3078 1154 3146 129]
1174 3097 1248 3145 quem

140 3154 288 3203 Hectorem?
314 3162 358 3203 aut
376 3169 452 3217 quam
471 3153 516 3203 diu
532 3153 576 3204 ille
595 3155 643 3204 erit
662 3155 772 3206 Hector?
797 3152 889 3205 Melius
909 3152 1002 3201 Accius
1020 3188 1027 3199 .
1043 3188 1048 3199 .
1064 3150 1084 3198 .'
1115 3150 1197 3200 Varro
1217 3150 1250 3199 de

139 3223 166 3270 L.
181 3222 210 3271 L.
226 3221 250 3271 X
265 3223 299 3274 70
312 3222 346 3272 M.
367 3227 432 3273 ‘non
449 3224 525 3273 modo
544 3226 650 3288 poetae,
671 3224 717 3274 sed
731 3225 806 3274 etiam
819 3221 936 3288 plerique
948 3236 977 3270 ac
992 3221 1075 3286 primo
1089 3219 1185 3278 omnis,
1205 3219 1249 3281 qni

139 3291 220 3341 soluta
235 3293 349 3342 oratione
365 3292 513 3356 loquuntur,
533 3293 666 3352 dicebant,
685 3301 713 3342 ut
731 3298 904 3355 quaestorem,
926 3297 1085 3354 praetorem,
1104 3287 1142 3336 sio
1160 3287 1251 3338 Hecto*-

141 3377 203 3420 rem,
223 3360 363 3412 Nestorem.
387 3363 474 3425 ltaque
487 3362 584 3412 Ennius
596 3363 632 3412 eit
651 3359 743 3428 [130].'
766 3362 908 3423 Vtrumque
923 3358 1007 3408 loonm
1022 3357 1184 3408 coniunctum
1198 3358 1251 3406 An-

141 3430 291 3480 dromachae
301 3430 391 3480 tribuit
405 3431 521 3496 Scaliger

174 3499 355 3547 Anonouena
391 3501 403 3548 l
426 3500 508 3549 Varro
526 3500 559 3549 de
575 3500 604 3550 L.
620 3500 649 3550 L.
663 3501 687 3549 V
702 3498 736 3550 19
754 3498 788 3550 Μ.
813 3501 843 3547 ‘a
862 3498 932 3549 Chao
951 3497 1058 3558 choum,
1082 3495 1143 3545 hino
1159 3510 1251 3546 cauum

142 3574 164 3616 et
185 3566 246 3614 hinc
273 3567 371 3616 caelum
469 3569 555 3630 itaque
582 3569 644 3618 dicit
670 3569 835 3619 Andromeda
862 3567 943 3618 nocti:
969 3567 1046 3629 quae’
1071 3581 1094 3616 e.
1114 3581 1138 3627 q.
1160 3580 1181 3614 s.
1210 3568 1251 3614 ‘et

143 3637 315 3700 Agamemnon
335 3671 355 3683 ..
366 3671 387 3683 ..
408 3645 432 3690 et
445 3637 542 3685 Ennius
555 3637 615 3686 item
631 3638 664 3686 ad
678 3639 837 3687 cenationem
854 3637 905 3684 ...¹
929 3635 942 3700 (
950 3633 1154 3684 Andromede
1170 3633 1252 3683 Scall-
1323 3639 1326 3645 “

142 3719 192 3770 ger.
214 3703 420 3753 Andromede
432 3705 489 3753 Par.
503 3705 529 3753 b.
549 3705 773 3755 Andromacha
787 3705 855 3753 Flor.
872 3705 985 3754 ‘utuid'
1001 3703 1162 3753 Androme
1175 3701 1250 3752 Goth.

143 3774 220 3822 Hane.
234 3773 291 3822 Par.
307 3780 362 3822 aet
373 3770 401 3836 o)
472 3774 495 3822 11
516 3773 614 3823 Nonius
628 3789 654 3840 p.
674 3773 732 3835 198,
749 3775 763 3824 1
789 3775 874 3823 ‘cuis
892 3780 917 3822 et
934 3773 1023 3839 generi
1037 3771 1159 3822 feminino
1180 3771 1250 3820 attri-

142 3843 183 3892 bui
194 3856 273 3908 posse
285 3847 401 3892 ueterum
413 3843 551 3892 auctoritas
564 3842 647 3892 uoluit
731 3843 841 3894 Ennius:
862 3849 886 3892 et
899 3843 969 3904 qnis'
989 3859 1012 3892 e.
1022 3857 1047 3903 q.
1058 3856 1079 3890 s.
1107 3839 1163 3889 llnc
1174 3839 1253 3890 refert

182 4018 232 4074 127
251 4018 376 4072 erumnis
386 4016 515 4091 plerique
531 4016 595 4072 libri
680 4033 830 4074 aerumnas
847 4017 924 4072 illum
939 4015 1081 4072 exanclari
1097 4029 1161 4068 eum
1175 3983 1253 4068 ‘diem

143 4101 228 4156 Bueit.
318 4105 366 4159 lb&
388 4101 464 4172 quod
488 4117 549 4156 sum
572 4118 658 4171 passa
680 4101 761 4156 Vind.
776 4119 794 4156 a
814 4101 926 4166 Buteo,
947 4100 1090 4156 caumas.
1111 4098 1186 4168 quod
1208 4113 1251 4152 me

144 4200 224 4254 passa
236 4184 305 4257 Rep.
316 4184 390 4240 Pto.
405 4185 475 4241 Gud-
489 4201 551 4240 cum
564 4189 661 4242 ceteris
748 4189 800 4244 129
816 4201 897 4239 curro
911 4183 1065 4255 Repeto.
1152 4186 1203 4240 130
1217 4181 1252 4237 de

143 4284 235 4406 lnporpro
252 4268 387 4340 Scoliper.
411 4269 447 4324 de
464 4268 586 4326 Troiano
604 4287 682 4326 muro
698 4271 762 4325 libri
848 4269 977 4324 iactarier
997 4268 1131 4338 Scalipcr.
1156 4262 1253 4322 iactari
