3070 5032
310 389 372 458 174
590 393 878 452 INCERTORVM
905 395 1134 453 LIBRORVM

309 565 448 636 affectus
474 563 673 656 sempiterna
701 564 901 636 monimenta
924 565 994 636 suis
1020 567 1166 659 reliquit:
1201 569 1331 637 aetate
1370 589 1459 657 pes-

253 681 293 742 70
309 692 382 740 sum
400 671 474 739 acta
492 668 526 738 in
544 665 641 738 Creta
660 667 762 736 uitam
779 671 992 740 commutauit
1009 673 1041 740 et
1059 671 1101 740 ad
1120 671 1206 740 deos
1229 671 1328 740 abiit
1350 693 1456 740 eum-

309 795 373 866 que
399 769 536 842 Curetes
558 770 616 840 filii
638 771 690 840 sui
715 776 913 842 cumuerunt
937 773 1247 865 decorauemntque
1277 796 1397 862 eum;
1426 780 1454 842 et

309 874 497 966 sepulcmm
520 874 592 944 eius
615 877 666 944 est
687 872 724 942 -in
746 871 843 944 Creta
864 878 897 945 et
920 876 954 944 in
980 876 1101 966 oppido
1125 874 1262 948 Gnosso
1292 880 1335 946 et
1366 877 1453 946 diei-

308 981 363 1048 tur
384 977 491 1048 Vesta
511 978 595 1048 hane
614 977 729 1046 urbem
754 977 938 1067 creauisse3
974 979 1072 1072 inque
1092 980 1250 1069 sepulcro
1285 980 1378 1050 eius
1404 985 1452 1048 est

309 1081 499 1172 inscriptum
522 1079 665 1172 antiquis
683 1079 799 1150 litteris
820 1080 954 1152 Graecis
973 1083 1074 1152 ΖΑΝ
1085 1083 1302 1152 KPONOY
1334 1083 1375 1152 id
1402 1089 1449 1152 est

253 1201 293 1262 75
309 1184 424 1256 Latine
442 1183 586 1276 luppiter
608 1182 751 1252 Saturni.
826 1285 900 1355 xfll

412 1403 601 1474 Lactantius
616 1401 689 1472 Diu.
705 1401 782 1470 lust.
803 1401 816 1470 1
834 1422 861 1471 c.
876 1411 914 1471 17
943 1408 1044 1494 ‘quae
1066 1403 1184 1494 prima’
1204 1403 1269 1492 (sc.
1294 1403 1443 1494 Venus)

311 1510 364 1577 ‘ut
391 1506 425 1576 in
449 1506 587 1576 historia
611 1527 707 1575 saera
732 1503 932 1588 continetur,
956 1510 1058 1575 artem
1081 1507 1311 1576 meretriciam
1342 1509 1442 1578 insti-

309 1610 371 1681 tuit
397 1613 577 1702 auctorque
601 1607 791 1678 mulieribus
815 1607 848 1676 in
872 1606 983 1698 Cypro
1001 1609 1079 1694 fnit,
1107 1611 1153 1679 uti
1178 1609 1336 1701 uulgato
1364 1634 1442 1682 eor·

310 1735 391 1804 pore
418 1717 592 1805 quaestum
618 1713 781 1781 facerent:
815 1711 904 1802 quod
927 1711 1046 1781 idcireo
1068 1713 1261 1804 imperauit,
1296 1737 1349 1782 ne
1372 1715 1440 1785 sola

309 1820 441 1907 praeter
458 1815 540 1884 alias
562 1816 717 1884 mulieres
736 1813 899 1902 impudica
922 1817 955 1883 et
974 1814 1117 1885 uirorum
1139 1819 1309 1908 appetens
1341 1818 1439 1886 uide-

311 1919 420 1990 retur.’
466 1917 514 1990 cf.
538 1918 690 2009 Epitnme
710 1939 737 1986 c.
759 1924 778 1986 9

826 2017 907 2088 XIV

727 2137 841 2228 gluma

643 2339 703 2410 EX
728 2338 926 2408 INCERTIS
952 2339 1091 2410 LIBRIS

415 2613 451 2680 ln
468 2612 599 2702 templis
618 2612 721 2681 isdem
859 2511 872 2578 Ι

416 2815 502 2885 Inter
524 2815 711 2905 ponendum
851 2715 879 2782 Π

417 3018 541 3088 Versat
562 3040 751 3089 mucronem
850 2917 889 2988 HI

348 3221 410 3271 XIV
434 3221 515 3270 Varro
535 3221 567 3270 de
587 3236 614 3271 re
633 3222 727 3270 rustica
745 3223 755 3271 l
775 3219 810 3270 48
834 3221 926 3270 ‘arista
945 3227 969 3268 et
988 3233 1096 3284 granum
1114 3217 1231 3268 omuibus
1249 3215 1303 3268 iere
1325 3226 1426 3268 nutum:

314 3291 422 3357 gluma
432 3291 531 3355 paucis.
560 3292 647 3352 ltaque
661 3291 689 3340 id
702 3292 771 3355 apud
784 3291 893 3338 Ennium
909 3289 992 3339 solum
1004 3289 1127 3352 scriptum
1141 3289 1194 3337 scio
1209 3303 1266 3338 esse
1281 3288 1307 3335 'm
1320 3288 1425 3337 Euhe-

314 3361 394 3410 meri
414 3359 513 3408 libris
531 3361 656 3408 uersis!
680 3361 733 3424 (sie
756 3363 803 3408 ‘ex
820 3359 980 3409 uenerandac
992 3358 1126 3407 uetustatis
1140 3357 1281 3422 exemplari
1294 3373 1308 3405 e
1321 3357 1424 3421 publica

314 3430 398 3495 gentis
410 3428 524 3560 Medicqe
540 3428 708 3478 bibliotheca'
738 3427 878 3478 politianus
899 3428 970 3478 Misc.
996 3444 1018 3477 e.
1037 3426 1080 3478 35.
1103 3428 1123 3476 E
1130 3425 1331 3492 phemeridis
1352 3442 1423 3476 uer-

315 3499 406 3548 sibus
422 3496 499 3562 uulgo

348 3584 389 3634 Ex
408 3592 534 3632 rucuarrs
553 3593 641 3632 rrunrs
678 3582 689 3630 1
708 3579 795 3631 Cicero
812 3580 879 3632 Orat.
898 3581 941 3639 47,
963 3580 1010 3630 157
1031 3580 1149 3630 ‘isdem
1167 3575 1421 3640 campushabet‚

314 3653 396 3716 inquit
408 3651 520 3711 Ennius,
540 3659 564 3701 et
582 3652 615 3700 in
631 3651 763 3716 templis
784 3651 893 3700 isdem.
915 3649 948 3698 m
968 3651 1065 3700 eisdem
1083 3656 1136 3698 erat
1155 3647 1255 3706 uerius,
1274 3659 1318 3694 nec
1337 3654 1421 3696 tamen

315 3723 433 3789 probauit
457 3728 485 3770 ut
509 3721 636 3785 opimium
666 3721 732 3770 male
755 3721 862 3770 sonabat
885 3718 992 3769 iisdem:
1017 3720 1179 3783 impetratum
1202 3723 1240 3766 est
1258 3729 1274 3762 a
1291 3723 1420 3764 consuetu-

315 3793 375 3842 dine
397 3799 424 3841 ut
447 3805 554 3856 peceare
576 3791 710 3840 suauitatis
735 3806 814 3839 causa
836 3789 941 3838 liceret'
1023 3789 1044 3838 ll
1074 3787 1180 3838 Seruius
1206 3787 1233 3834 in
1256 3783 1307 3832 Eat.
1333 3782 1362 3843 u,
1387 3784 1420 3835 23

316 3859 590 3924 ‘interagendum
687 3859 823 3908 Afranius:
848 3857 1095 3919 interloquendum.
1130 3855 1241 3904 Ennius:
1267 3853 1347 3900 inter
1363 3869 1419 3917 po-

314 3930 470 3981 nendum.'
546 3929 582 3977 111
604 3926 709 3978 Seruius
733 3929 759 3976 in
780 3929 843 3978 Aen.
867 3927 904 3976 IX
925 3925 976 3976 748
999 3929 1142 3988 ‘uersat,
1166 3924 1258 3984 librat,
1283 3923 1365 3982 iactatu
1394 3929 1418 3972 et

357 4137 392 4192 69
411 4148 527 4204 pessum
545 4129 674 4185 uetadun
689 4128 757 4201 ch.
773 4129 947 4183 uetustissimi
961 4141 1021 4182 cum
1037 4127 1098 4181 allis
1110 4127 1249 4199 plurimis.
1265 4131 1415 4195 pessumata

313 4219 360 4272 uel
379 4221 539 4287 persumata
558 4215 607 4269 alii
626 4215 690 4268 libri
773 4216 808 4271 74
829 4211 919 4268 ZAN
931 4214 1049 4282 optimus
1063 4211 1267 4283 itaq-Puteum
1288 4225 1341 4264 lum
1356 4211 1415 4264 alut

314 4302 412 4356 multia
431 4299 514 4374 Ζῆνα
527 4300 573 4354 uel
587 4296 673 4370 Ζῆμα
688 4298 753 4368 aliq.
768 4297 840 4352 libri.
855 4284 930 4364 Ζεύς
940 4297 1095 4368 pleraeque
1108 4295 1172 4350 edd.
