3070 5032
605 429 843 499 enrrcvmu
1217 427 1280 496 177

680 595 776 668 XVII

272 713 411 784 Seruius
435 714 469 782 in
492 713 577 782 Aen.
606 714 619 783 l
649 722 708 784 190
747 718 833 783 ‘tum
865 714 1006 807 uulg'trs:
1040 715 1124 786 bene
1155 717 1280 808 uulgus
1355 790 1362 800 ,
1509 753 1510 764 ¹

116 897 121 910 1
166 816 362 887 ductoribus
381 816 595 907 interemptis.
635 816 778 886 Ennius:
807 817 946 888 auium
965 818 1122 911 uulgus
1150 821 1183 889 et
1203 819 1280 888 alibi

166 919 383 990 hastarum
404 920 425 989 i.
442 943 470 990 e.
487 919 726 990 multitudinem
744 919 914 990 hastarum
929 923 962 989 et
975 921 1106 992 auium!
1145 922 1281 992 auium

166 1023 325 1115 uulgus
354 1026 395 1091 et
423 1023 637 1094 hastarum
662 1023 764 1092 alibi
792 1022 1102 1094 multitudinem
1131 1029 1170 1094 et
1204 1025 1280 1094 ha-

165 1129 324 1196 starum
345 1127 382 1196 et
403 1129 441 1195 et
460 1125 596 1196 auium
614 1126 687 1196 cod.
702 1123 841 1196 Cassell.
861 1126 997 1196 auium
1020 1150 1051 1196 u.
1071 1131 1110 1196 et
1133 1127 1280 1198 hasta-

165 1251 255 1298 rum
279 1229 300 1298 i.
322 1252 350 1299 e.
375 1227 682 1301 multitudinem
706 1228 738 1300 h.
764 1232 802 1298 et
826 1253 855 1299 a.
878 1229 996 1322 uulgo.
1020 1231 1156 1300 auium
1181 1229 1280 1300 uul-

165 1354 244 1424 gus
279 1335 318 1402 et
350 1332 581 1403 hostiarum
621 1331 695 1423 [nil
728 1332 846 1402 iuuat
878 1332 1092 1403 humanum
1125 1331 1278 1426 genus]
1419 1383 1426 1388 -

165 1434 207 1504 Η.
226 1435 389 1528 Ilbergius

669 1535 779 1607 XVIII

269 1651 456 1744 Porphyric
481 1652 514 1720 in
537 1651 618 1722 Hor.
640 1651 709 1722 Sat.
731 1653 744 1724 I
766 1663 793 1737 1,
819 1662 856 1723 61
887 1654 937 1721 ‘at
958 1652 1046 1722 bona
1068 1673 1146 1742 pars
1168 1651 1280 1724 homi-

165 1776 261 1824 num:
295 1757 401 1825 bona
426 1777 514 1824 nunc
543 1777 604 1846 pro
632 1777 756 1847 magna
783 1755 924 1840 dictum,
956 1759 993 1824 ut
1023 1776 1124 1845 saepe
1153 1754 1279 1828 Ennius
1426 1792 1429 1799 ·

166 1861 199 1928 et
221 1858 275 1928 alii
293 1857 445 1929 ueteres:

683 1957 764 2028 XIX

270 2073 385 2146 Cicero
415 2075 456 2145 de
476 2077 542 2144 nat.
567 2072 657 2142 decr.
687 2073 715 2142 Η
737 2082 786 2157 18,
805 2080 846 2142 49
875 2073 970 2142 ‘dum
995 2069 1107 2163 palato
1136 2072 1213 2166 quid
1237 2073 1279 2142 sit

168 2177 325 2267 optimum
352 2177 490 2247 indicat’
517 2175 739 2267 (Epicurus),
776 2174 897 2246 ‘caeli
928 2175 1129 2266 palatum,
1169 2178 1207 2248 ut
1235 2176 1279 2245 uit

24 2293 27 2382 ζ
169 2279 311 2366 EnniuS,
340 2303 406 2351 non
426 2278 598 2372 suspexit!
667 2321 673 2334 ·

690 2378 755 2448 XX

24 2573 25 2578 ,
268 2494 438 2567 Charisius
457 2496 470 2567 I
491 2519 523 2586 p.
544 2503 585 2565 99
604 2494 642 2563 Ρ.
667 2492 845 2584 (71Lind.)
874 2479 1117 2562 ‘Cretenses
1139 2491 1277 2575 Ennius

24 2635 26 2664 ;
165 2602 202 2668 ut
221 2598 331 2669 Varro
351 2597 406 2668 lib.
426 2598 532 2688 primo
554 2597 596 2666 de
617 2616 771 2666 sermone
793 2593 911 2665 Latino
934 2593 1065 2662 scribit!

685 2730 765 2800 XXI

268 2835 393 2906 Paulus
419 2833 509 2905 Festi
535 2857 567 2924 p.
593 2842 633 2905 68
658 2833 701 2902 Μ.
736 2830 964 2903 ‘daedalam
994 2852 1014 2898 a
1038 2827 1197 2899 uarietate
1223 2849 1281 2898 re-

168 2961 240 3010 rum
265 2936 544 3031 artificiorumque
568 2937 686 3006 dictam
716 2957 792 3006 esse
821 2935 910 3025 apud
933 2931 1120 3003 Lucretium
1148 2933 1279 3016 terram,

24 3057 27 3142 j
169 3044 256 3136 apud
279 3041 421 3112 Ennium
449 3041 691 3124 Mineruam,
721 3039 809 3129 apud
829 3037 1016 3130 Vergilium
1043 3033 1158 3106 Circen
1184 3034 1280 3102 facile

24 3149 27 3224 Ῐ
167 3149 218 3217 est
234 3145 445 3238 intellegere,
473 3166 548 3215 cum
567 3142 693 3213 Graece
713 3133 908 3211 δαιδάλλειν
928 3136 1094 3232 significet
1113 3136 1262 3206 uariare!

268 3383 414 3454 Achilles
442 3381 569 3453 Statius
600 3382 642 3452 ad
667 3277 785 3450 Gldlirll.
812 3379 827 3448 I
856 3385 876 3446 9
910 3380 1099 3466 ‘patronem
1124 3373 1281 3443 Miner-

24 3499 26 3576 ζ
168 3508 257 3555 uam
285 3486 362 3556 dicit
386 3525 439 3537 -
463 3506 534 3554 eam
557 3506 639 3555 uero
660 3483 788 3554 Ennius
815 3485 854 3552 et
880 3479 1083 3549 dominam
1108 3480 1149 3547 et
1172 3497 1281 3546 eram

24 3615 26 3644 ι
170 3587 268 3657 dixit!

271 3790 409 3862 Seruius
426 3788 460 3858 in
477 3791 560 3860 Aen.
582 3787 643 3857 XII
661 3684 873 3858 dddl‘lllauos
890 3781 1028 3854 Lauinia
1045 3780 1168 3850 crines:
1192 3776 1281 3847 anti-

171 3917 235 3988 qua
260 3894 356 3964 lectio
384 3893 521 3962 flores
547 3891 659 3961 habuit
688 3890 708 3959 i.
738 3913 766 3958 e.
795 3887 1007 3970 domimum,
1041 3882 1215 3974 pulchros:
1249 3882 1282 3950 et

171 4002 219 4068 est
238 4019 349 4068 sermo
368 3994 571 4066 Ennianus*

668 4091 781 4164 XXIV
838 4099 863 4106 ”
941 4098 944 4108 “

271 4200 411 4270 Seruius
441 4198 474 4268 iu
502 4198 588 4267 Aen.
615 4195 677 4266 Vll
706 4205 769 4267 804
803 4192 976 4262 ‘florentes
1007 4207 1084 4256 acre
1117 4163 1279 4256 cateruas.

173 4303 296 4476 Enpius
318 4306 350 4374 et
368 4300 542 4374 Lucretius
566 4299 743 4369 florens'
765 4295 831 4385 (alii
849 4294 1001 4378 flurcs;
1024 4289 1077 4464 clip
1098 4286 1280 4375 florere)

236 4437 325 4478 untvs.
