3112 5040
607 471 836 529 ENNIANAE
1097 505 1099 510 v
1159 487 1281 536 LXXXV

169 638 244 696 sisse
266 635 404 694 Lucilium
426 634 545 694 Seruius
571 642 694 694 testatur
716 635 743 692 in
773 636 847 694 Aen.
871 635 912 696 Xl
932 638 989 698 601
1016 649 1071 700 bem
1091 647 1146 700 tote
1164 646 1281 717 ferreae

167 745 255 802 tastis
286 741 393 798 Horret
414 755 440 796 e.
465 757 493 816 q.
517 740 554 817 e]
591 743 719 800 horret
752 753 842 801 autem
877 747 1006 803 terribilis
1036 753 1088 804 est:
1125 758 1166 806 est
1189 757 1279 807 autem

167 864 268 906 nastes
290 847 438 902 Ennianus
464 849 638 918 atmperatus
667 851 810 906 otacilio
838 853 944 909 dicente
961 869 1017 924 per
1046 855 1204 911 attamen
1231 857 1277 912 de·

167 955 257 1010 bursae
272 952 442 1016 eumdaere
456 952 582 1008 borret
597 960 632 1010 et
651 955 758 1026 olpet.
795 955 872 1012 Vnde
886 954 1021 1014 Horatius
1040 959 1074 1012 de
1084 957 1187 1015 laedio
1200 955 1277 1032 (Sat.

168 1053 180 1112 l
203 1054 259 1128 10,
283 1053 339 1131 54)
373 1058 447 1112 ‘aon
477 1059 550 1114 ridet
580 1073 681 1116 aeroas
705 1061 783 1116 Enni
808 1065 946 1134 pronitate
971 1064 1121 1120 minores)
1165 1059 1279 1120 Etenim

168 1158 242 1217 haec
262 1159 357 1218 Seruii
387 1158 411 1217 si
432 1177 496 1218 cum
517 1159 569 1219 illo
589 1157 728 1219 llacrobii
757 1160 825 1220 loco
847 1164 1025 1239 contuleris,
1052 1181 1109 1224 non
1133 1165 1278 1226 dubitabis

169 1266 289 1342 opinor,
317 1265 384 1341 quin
408 1264 527 1324 Seruius
555 1267 639 1346 istum
662 1283 747 1343 quem
775 1266 832 1325 dixi
864 1265 948 1326 Ennii
975 1287 1091 1328 uersum
1121 1269 1276 1346 significet.

166 1367 205 1426 Vt
226 1367 295 1428 nihil
316 1378 403 1444 agant
425 1370 553 1430 editores
576 1373 625 1449 qui
647 1370 728 1430 abusi
752 1372 847 1430 Seruii
875 1364 1039 1433 testimonio
1062 1375 1145 1434 nimis
1172 1374 1279 1436 libera·

168 1472 235 1531 liter
257 1471 350 1532 Ennio
375 1474 453 1534 illum
473 1476 615 1554 Vergilii:
646 1481 753 1537 Horret
779 1497 847 1553 oper
869 1484 1013 1554 campique
1044 1485 1132 1539 armis
1158 1484 1278 1540 sabloni-

167 1583 217 1638 bus
237 1585 338 1639 ardent
358 1580 513 1645 ascribant.
549 1581 605 1654 Qut
634 1599 696 1640 cum
724 1582 856 1659 indignus
886 1601 955 1642 sane
977 1583 1115 1642 inrisione
1138 1585 1190 1658 sit,
1220 1593 1279 1643 tum

167 1683 293 1744 Lucilius
324 1685 465 1765 hisquae
498 1687 567 1747 dicit
588 1692 684 1747 torret
705 1697 731 1746 et
760 1693 833 1764 atyet
854 1689 1007 1747 manifesto
1038 1689 1074 1748 ad
1100 1689 1184 1749 Ennii
1212 1689 1276 1748 illa:

166 1795 292 1866 splendet
318 1802 344 1850 et
369 1796 467 1852 torret
492 1792 609 1854 adludit.
655 1791 738 1852 Vnde
765 1793 789 1851 si
819 1793 886 1869 quid
909 1802 954 1852 est
977 1795 1004 1851 in
1028 1811 1064 1853 eo
1090 1811 1178 1852 uersu
1200 1793 1278 1873 quod

168 1897 353 1972 emendetur,
386 1897 461 1956 baec
487 1907 635 1975 postrema
665 1899 787 1976 adparet
810 1899 916 1958 nnllam
945 1901 1060 1959 omnino
1092 1901 1278 1960 mutationem

168 2003 256 2062 terre.
302 2001 333 2062 ld
368 2003 446 2081 quod
475 2021 532 2061 non
565 2004 636 2062 satis
668 2003 778 2062 curauit
810 2001 939 2062 Ritterus
973 2005 1000 2062 in
1030 2005 1152 2082 prem.
1188 2008 1276 2085 antiq.

167 2107 292 2167 Darmst.
326 2126 352 2167 a.
385 2106 465 2168 1840
493 2127 521 2186 p.
559 2107 636 2167 391:
668 2110 717 2185 qui
753 2109 971 2168 inconsiderate
1001 2108 1207 2168 Neukirchium
1240 2110 1277 2170 de

167 2211 226 2270 lab.
250 2221 311 2288 tog.
343 2231 371 2290 p.
396 2213 436 2272 46
465 2223 584 2272 secutus
613 2230 649 2272 eo
683 2233 770 2292 quem
804 2212 915 2272 eiiinxit
949 2221 1135 2273 tetrametro:
1169 2217 1278 2290 sptirsis

167 2320 254 2374 baete
275 2322 359 2392 lamas
385 2338 500 2394 campus
521 2323 646 2393 splendet
664 2323 811 2394 torretque
832 2319 860 2376 e't
873 2324 955 2392 pemtt
977 2335 1061 2376 omne
1084 2318 1185 2378 Lucilii
1205 2320 1277 2379 ludi·

170 2420 261 2481 brium
282 2422 437 2482 abstersit:
469 2442 505 2484 ne
535 2425 602 2501 quid
632 2425 669 2484 de
691 2419 842 2481 Macrobio
872 2421 965 2480 dicam
994 2441 1079 2500 quem
1102 2421 1154 2480 ille
1187 2424 1278 2500 ipsius

169 2537 249 2586 certe
272 2530 480 2589 consuetudine
503 2539 685 2608 repugnante
707 2526 842 2588 consulto
862 2543 955 2584 uoces
975 2543 1046 2604 quas
1068 2528 1131 2604 ipse
1153 2529 1279 2587 restituit

169 2634 302 2692 omisisse
324 2635 466 2712 opinatur.
511 2635 619 2695 Verum
640 2636 664 2694 si
685 2634 748 2711 quis
771 2641 867 2692 tamen
888 2629 971 2689 Ennii
993 2631 1105 2710 poesim
1127 2632 1199 2692 nolit
1220 2632 1278 2693 hoc

169 2739 250 2816 quasi
273 2749 402 2799 monstro
430 2741 591 2800 hexametri
617 2739 806 2801 dedecorari:
837 2754 871 2795 ea
896 2735 989 2795 uerba
1014 2737 1052 2795 ita
1078 2745 1108 2794 ut
1128 2736 1280 2796 traduntur

169 2844 330 2904 Saturnium
347 2845 491 2907 efficiunt:
514 2849 625 2922 sparsis
645 2847 731 2904 beistis
747 2845 1000 2920 ldnpam-cdmpae
1018 2845 1144 2918 sple'ndet
1163 2854 1189 2901 et
1210 2847 1275 2902 tudr-

168 2960 218 3010 ret.
263 2949 308 3010 Ac
330 2950 399 3010 licet
422 2951 571 3010 Saturnios
593 2951 641 3028 qui
665 2948 779 3028 quidem
808 2949 882 3007 certi
905 2949 961 3008 sint
986 2949 1014 3006 in
1036 2947 1120 3007 Ennii
1146 2947 1278 3026 reliquiis

168 3073 225 3114 non
247 3055 425 3130 detexerim,
451 3065 547 3116 tamen
568 3057 636 3134 quid
664 3053 789 3132 inpedit,
822 3071 880 3131 quo
908 3055 1000 3112 minus
1029 3069 1093 3110 eum
1121 3053 1149 3108 in
1171 3053 1276 3111 saturis

168 3163 290 3220 maxime
313 3160 370 3221 hoc
389 3177 506 3240 quroque
528 3169 620 3218 metro
637 3160 811 3237 aliquotiens
828 3176 908 3217 nsum
924 3175 992 3216 esse
1009 3155 1184 3216 credamus?
1217 3157 1277 3216 Sed

166 3264 224 3325 hoe
247 3275 307 3324 utut
329 3274 388 3340 est,
420 3283 483 3324 enm
507 3264 576 3323 illud
599 3265 706 3324 uicisse
730 3264 851 3338 uidear,
880 3264 967 3322 uariis
989 3261 1156 3339 Scipionem
1178 3262 1277 3320 nastris

168 3353 321 3430 deductum
341 3371 449 3430 inisse:
483 3371 591 3430 corruit
613 3371 692 3447 quod
714 3369 842 3429 Ritterus
866 3369 886 3431 l.
908 3369 927 3428 l.
950 3366 1081 3444 cupidius
1112 3367 1277 3445 Scipionem

169 3493 238 3532 esse
261 3476 374 3550 epicum
400 3493 514 3534 carmen
536 3475 674 3534 defendit.
727 3471 780 3532 cui
806 3475 835 3532 in
859 3493 893 3534 ea
921 3493 954 3532 re
976 3472 1086 3556 llugius
1111 3473 1277 3532 adsentiens

169 3577 212 3636 illi
232 3579 329 3636 uersui
352 3596 436 3655 quem
460 3595 516 3637 non
543 3589 646 3657 posset
667 3597 724 3637 non
747 3595 800 3656 pro
823 3580 992 3638 hexametro
1004 3578 1113 3638 habere
1127 3580 1154 3636 in
1170 3579 1276 3638 annali·

169 3683 224 3742 bus
246 3682 346 3741 sedern
365 3683 508 3759 adsignat,
531 3685 559 3742 ni
579 3685 679 3743 mirum
701 3682 890 3757 Macrobium
912 3701 975 3740 cum
995 3683 1162 3758 Scipionem
1188 3681 1276 3755 dicat,

168 3805 225 3847 non
248 3789 421 3846 eonomine
449 3787 613 3865 insignitum
636 3805 767 3862 carmen,
796 3785 849 3844 sed
877 3793 987 3863 partem
1018 3785 1158 3844 annalium
1177 3785 1277 3844 dicere

169 3895 303 3971 opinatus
335 3910 397 3952 eam
431 3911 505 3970 quae
532 3892 655 3952 maxime
682 3893 709 3949 in
731 3892 877 3971 Scipionis
905 3891 994 3950 rebus
1021 3900 1164 3950 uersetur.
1195 3891 1275 3950 ‘Sed

168 4000 225 4059 hoc
255 4019 318 4060 oum
343 3998 536 4074 ambiguitatis
559 4016 646 4058 causa
670 4015 773 4056 uerear
800 4006 830 4056 ut
853 3998 1003 4074 quisquam
1025 3998 1275 4071 grammaticorum

169 4122 289 4164 ausurus
312 4105 415 4178 inerit,
444 4112 501 4162 tum
517 4102 658 4162 Macrobii
677 4103 744 4163 loeo
767 4112 924 4182 praeeunte
945 4103 1009 4179 ipso
1031 4101 1171 4162 annalium
1192 4102 1275 4162 titulo

171 4211 314 4287 inprimis
335 4211 544 4269 incommodum
567 4191 653 4268 toret.

253 4312 354 4392 ltaque
376 4332 440 4375 cum
461 4317 517 4374 iam
538 4316 576 4374 ob
598 4333 732 4374 uersuum
755 4333 839 4396 quarn
851 4315 982 4394 Scipioni
999 4314 1204 4374 uindicauimus
1227 4331 1275 4373 ua-
