2984 5032
475 461 707 518 ENNlANAE
819 525 822 532 Δ
1055 473 1142 518 xnnx

93 640 123 680 on
150 639 277 698 numquam
307 621 334 679 in
364 624 435 700 ipsis
464 621 602 682 librorum
630 623 716 682 initiis
742 623 862 682 deorum
897 625 1059 683 contionem
1092 643 1141 684 ex·

93 728 164 786 audit.
184 725 262 786 Gill.
286 731 313 785 A
337 727 351 784 1
376 745 441 805 sqq.
467 731 494 788 Θ
521 730 535 786 1
559 746 624 806 sqq.
655 727 722 786 lieo
746 729 877 805 periculo
900 729 937 788 ir.
957 727 997 788 lll
1019 731 1047 788 in
1066 728 1142 788 hunc

91 831 159 888 hrum
176 831 265 890 intuli:-
285 821 342 910 q'uo
366 833 540 892 Postumium
560 851 724 910 agnoscere
742 832 877 908 uidebar,
899 835 947 911 qui
969 834 1083 910 legatus
1107 833 1142 894 ad

92 937 218 994 arentinos
237 937 353 1013 missus,
384 955 446 996 cum
469 938 594 997 ludibrio
617 937 731 996 abillis
753 936 866 997 habitus
891 936 1080 1018 obscenoque
1101 941 1142 997 in-

91 1041 173 1099 rltatus
199 1050 285 1116 esset,
325 1051 386 1101 atra
419 1043 553 1121 maleque
586 1044 708 1102 ominata
744 1042 932 1120 (‘obscena'
968 1063 1043 1122 quae
1072 1044 1143 1104 dicit

91 1153 156 1203 itta:
175 1145 210 1205 ci.
226 1145 402 1206 Torcellinus
424 1166 448 1206 s.
467 1150 513 1226 u.)
533 1147 624 1207 uerba
643 1148 774 1226 prolatus
792 1159 836 1208 est
850 1153 950 1227 γελᾶτε
967 1147 1020 1220 ἕως
1035 1147 1143 1222 ἔξεστιν

91 1255 140 1326 ιῖν,
161 1243 254 1332 ἄνδρες
268 1254 459 1330 Ταραντῖνοι,
481 1254 595 1330 γελᾶτε·
618 1243 714 1312 πολὺν
731 1243 788 1332 γὰρ
802 1245 854 1314 τὸν
872 1244 943 1330 μετὰ
961 1256 1052 1312 ταῦτα
1074 1247 1141 1332 χρό-

91 1378 110 1413 ιν
132 1338 255 1414 πνεύσειε
352 1354 402 1416 καὶ
429 1355 480 1415 ἵνα
502 1379 535 1436 γε
562 1361 675 1435 μᾶλλον
701 1347 938 1435 ἆγονακτήσητε,
972 1355 1023 1416 καὶ
1051 1347 1140 1416 τοῦθ’

91 1465 124 1518 ιῖν
149 1457 272 1538 λέγομεν,
300 1451 345 1519 h'cr
370 1463 471 1540 πολλῷ
495 1453 550 1538 τὴν
580 1459 691 1539 ἐσθῆτα
713 1459 823 1540 ταύτην
849 1464 948 1541 αἵματι
967 1460 1144 1521 ἕκπλυνεῖτε.

94 1567 201 1639 onysius
236 1564 325 1624 Halia.
359 1564 434 1623 Erro.
465 1563 547 1624 XVII
576 1564 604 1624 8.
636 1563 679 1624 Gi.
715 1552 844 1627 Zonaras
872 1567 940 1627 Vlll
968 1566 986 1626 2
1022 1584 1051 1644 p.
1084 1565 1143 1626 106

93 1723 98 1734 .
126 1672 209 1730 Bonn.
249 1669 359 1729 ludicto
387 1669 469 1728 hello
495 1667 646 1728 Tarentini
675 1670 809 1731 ‘Graium
838 1673 1000 1745 hominem,
1029 1689 1142 1746 regern,

91 1779 161 1835 mine
187 1776 318 1834 Burrum'
348 1776 498 1832 arcessunt
522 1772 585 1850 (tv.
608 1773 666 1852 V):
700 1777 747 1853 qui
776 1781 857 1835 ‘cum
886 1776 1036 1854 imperium
1063 1773 1143 1832 orbis

90 1882 169 1940 itaret
197 1888 224 1938 et
251 1877 397 1938 Romanos
427 1886 563 1955 potentes
591 1878 734 1954 uideret'‚
765 1878 933 1959 Apollinem
960 1879 996 1938 (le
1025 1880 1142 1955 incepto

91 2003 101 2043 ι
128 1983 274 2046 consuluit.
319 1981 389 2044 Eius
412 1985 584 2042 auctoritate
607 1985 725 2062 ancipiti
748 1994 777 2043 et
801 1984 934 2061 ambigua
956 1983 1145 2061 inprudenter

94 2098 135 2146 tus
153 2087 228 2164 (Vll.
243 2086 325 2166 Vlll)
350 2092 360 2122 ‘
370 2107 434 2147 cum
457 2089 525 2146 totis
543 2087 650 2147 uiribus
667 2087 749 2167 Epiri
767 2088 936 2148 Thessaliae
954 2085 1144 2146 Macedoniae

93 2192 254 2269 ognitisque
282 2193 310 2250 in
340 2191 368 2250 id
396 2201 509 2269 tempus
540 2192 722 2271 elephantis’
753 2193 779 2250 in
807 2192 917 2252 ltaliam
944 2191 1070 2255 aduenit.
1098 2188 1144 2250 (li.

91 2315 146 2355 urus
174 2296 250 2374 Epit.
271 2295 345 2356 Ι·13
374 2315 403 2375 p.
426 2296 466 2355 22
493 2297 577 2357 Jahn.
622 2296 667 2357 hc
689 2285 790 2372 Pyrrhi
818 2294 991 2372 elephantos
1020 2312 1057 2355 eo
1079 2314 1144 2354 uer·

91 2401 133 2458 ulo
164 2417 249 2477 quem
270 2401 307 2460 de
330 2400 492 2480 elephantis
521 2402 627 2461 elatum
650 2402 769 2460 Seruius
790 2402 818 2457 in
837 2399 911 2458 Aen.
931 2398 971 2457 lv
996 2399 1057 2459 404
1086 2409 1144 2458 tes-

91 2524 117 2563 rr
144 2511 164 2562 it
196 2513 306 2581 ciprum
333 2513 439 2588 eampis
468 2507 579 2582 cymen*
597 2498 669 2582 (inc.
701 2504 764 2564 sed.
792 2502 889 2581 XVll)
918 2502 975 2562 dici
1005 2503 1143 2568 conicias.

91 2609 165 2667 rhus
193 2619 290 2669 autem
310 2629 374 2669 cum
391 2611 567 2669 iuuentutem
590 2608 773 2668 Tarentinam
793 2606 967 2666 insolentem
988 2614 1073 2664 antea
1095 2607 1145 2665 mi-

91 2733 115 2772 re
145 2703 290 2775 adarna
314 2723 437 2790 cogeret
465 2731 587 2791 eamque
608 2713 744 2773 inuidiam
770 2709 945 2770 ‘satellitum
968 2709 1145 2786 quorundam

91 2820 182 2877 iorum
206 2820 416 2898 intemperies'
429 2813 578 2894 augeret,
601 2820 668 2878 inde
688 2815 906 2876 Tarentinorum
928 2813 1032 2872 ciuium
1052 2813 1147 2873 taedia

91 2923 250 3000 querellae
266 2922 445 2983 occultiores
460 2931 556 2982 ortae:
581 2911 684 2981 ιἰπεῖτιε
704 2913 733 2980 rl’
757 2911 924 2990 αὐτοῖςκαὶ
941 2908 1014 2998 πρὸς
1034 2909 1146 2995 συμπό-

107 3027 161 3087 κοιὶ
194 3020 316 3106 κώμους
340 3017 550 3106 ἀθροίζεσθαι,
576 3024 627 3086 καὶ
653 3015 722 3095 τοὺς
746 3023 902 3102 νεωτέρους
920 3018 953 3080 ἒν
968 3023 1028 3092 τοῖς
1048 3013 1149 3090 ὅπλοις

91 3137 197 3193 starem
219 3129 354 3192 ἐκέλευεν
377 3121 399 3210 ἢ
419 3121 599 3211 διημερεύειν
620 3119 696 3188 κατὰ
716 3118 770 3206 τὴν
796 3117 919 3206 ἀγοράν.
961 3117 1001 3195 ὡς
1020 3121 1054 3183 δι’
1072 3145 1148 3196 τινες

91 3229 199 3314 όμενοι
220 3231 338 3307 τούτοις
354 3229 564 3314 ὑπεχώρησαν,
586 3223 735 3312 φρουροὺς
756 3228 789 3291 ἐκ
807 3232 867 3288 τῶν
880 3227 997 3288 οἰκείων
1012 3224 1148 3305 κατέστη·
1162 3277 1163 3280 ,

91 3387 93 3406 .
134 3334 214 3400 ὥστε
243 3339 358 3419 μηδένα
383 3337 489 3414 ἐξιέναι
514 3341 566 3416 τῆς
588 3331 707 3408 πόλεως.
740 3335 770 3395 οἱ
791 3331 823 3394 δὲ
843 3327 955 3403 τούτοις
980 3351 1010 3390 τε
1039 3329 1090 3392 καὶ
1113 3335 1150 3415 τῇ

91 3446 155 3528 μίᾳ
182 3447 249 3504 τῶν
272 3448 392 3524 τρυφῶν
413 3438 608 3524 βαρυνόμενοι
699 3437 911 3519 μετεγίνωοκον
937 3429 1078 3496 δεσπότου
1099 3433 1150 3495 καὶ

114 3541 287 3628 συμμάχου
308 3553 360 3608 τοῦ
381 3543 506 3630 Πύρρου
527 3541 710 3627 πειρώμενοι.
756 3543 885 3603 Zonaras
906 3537 975 3598 vill
997 3539 1016 3598 2
1036 3558 1064 3618 p.
1090 3539 1149 3599 109

91 3656 195 3714 Bonn.
225 3651 275 3716 Gi.
299 3652 468 3713 Plutarchus
490 3650 591 3726 Pyrrhi
614 3669 639 3714 c.
665 3651 703 3709 16
725 3655 755 3708 et
776 3644 927 3724 Appianus
942 3642 1016 3703 Erre.
1031 3645 1150 3706 Samnit.
1223 3677 1226 3681 ·

108 3761 210 3836 igitur
234 3757 339 3816 relero
361 3758 397 3817 ir.
421 3755 472 3827 vl,
495 3754 573 3831 quod
594 3755 742 3832 posterius
764 3751 887 3828 septimo
912 3756 1078 3825 octauoque
1098 3751 1150 3824 po-

128 3839 311 3929 debebam..
357 3861 468 3920 Rornae
497 3860 621 3934 interea,
663 3857 742 3934 quod
766 3854 902 3915 conditio
930 3853 973 3911 rei
1002 3849 1150 3928 exigebat,

91 3978 210 4044 ratus,
230 3977 266 4026 ut
281 3966 387 4026 Florus
402 3964 482 4042 Epit.
499 3962 511 4021 l
528 3961 565 4021 13
583 3977 613 4038 p.
632 3957 671 4016 22
688 3957 770 4017 Jahn.
790 3958 845 4032 ait,
861 3955 1023 4015 horribilis:
1040 3955 1150 4032 dequo
1203 3983 1211 4002 ·

91 4091 106 4132 ο
123 4074 225 4152 plura
244 4070 369 4146 Orosius
392 4067 462 4128 1V1
487 4065 586 4126 tradit:
610 4068 707 4122 bettum
722 4069 816 4138 inqens
831 4069 957 4119 esurium
971 4067 1013 4116 est
1027 4056 1151 4134 (Taren-

91 4197 104 4234 n
124 4177 244 4254 dicit).
271 4180 413 4235 Romanos
433 4177 482 4247 qui
501 4174 648 4246 quantique
668 4171 759 4226 hostes
773 4171 1032 4236 circumstreperent
1038 4181 1152 4239 perme-

91 4301 111 4339 s
128 4286 260 4340 ultima
291 4283 382 4353 udepit
405 4281 556 4336 necessitas
575 4276 744 4348 proletarios
768 4285 875 4344 quoque
895 4273 1026 4324 inrcrma
1046 4285 1152 4341 capere,

91 4401 187 4439 lNlVS·
926 4362 944 4422 d
