<?xml version="1.0" encoding="UTF-8"?>
<!DOCTYPE html PUBLIC "-//W3C//DTD XHTML 1.0 Transitional//EN"
    "http://www.w3.org/TR/xhtml1/DTD/xhtml1-transitional.dtd">
<html xmlns="http://www.w3.org/1999/xhtml" xml:lang="en" lang="en">
 <head>
  <title>
</title>
<meta http-equiv="Content-Type" content="text/html;charset=utf-8" />
  <meta name='ocr-system' content='tesseract 3.04.00' />
  <meta name='ocr-capabilities' content='ocr_page ocr_carea ocr_par ocr_line ocrx_word'/>
</head>
<body>
  <div class='ocr_page' id='page_1' title='image "./ennianaepoesisr01ennigoog_0066.png"; bbox 0 0 2984 5032; ppageno 0'>
   <div class='ocr_carea' id='block_1_1' title="bbox 260 451 970 520">
    <p class='ocr_par' dir='ltr' id='par_1_1' title="bbox 260 451 970 520">
     <span class='ocr_line' id='line_1_1' title="bbox 260 451 970 520; baseline 0 -12"><span class='ocrx_word' id='word_1_1' title='bbox 260 461 348 508; x_wconf 78' lang='lat' dir='ltr'><strong>uvm</strong></span> <span class='ocrx_word' id='word_1_2' title='bbox 662 451 970 520; x_wconf 81' lang='lat' dir='ltr'><strong>ovnxsnronus</strong></span> 
     </span>
    </p>
   </div>
   <div class='ocr_carea' id='block_1_2' title="bbox 260 613 1372 1218">
    <p class='ocr_par' dir='ltr' id='par_1_2' title="bbox 260 613 1372 1218">
     <span class='ocr_line' id='line_1_2' title="bbox 260 613 1372 692; baseline -0.003 -17"><span class='ocrx_word' id='word_1_3' title='bbox 260 633 310 675; x_wconf 89' lang='lat' dir='ltr'><strong>res</strong></span> <span class='ocrx_word' id='word_1_4' title='bbox 324 616 417 690; x_wconf 77' lang='lat' dir='ltr'><strong>gessit</strong></span> <span class='ocrx_word' id='word_1_5' title='bbox 437 629 493 672; x_wconf 91' lang='lat' dir='ltr'><strong>non</strong></span> <span class='ocrx_word' id='word_1_6' title='bbox 508 615 699 690; x_wconf 75' lang='lat' dir='ltr'><strong>insigniores,</strong></span> <span class='ocrx_word' id='word_1_7' title='bbox 721 613 774 673; x_wconf 91' lang='lat' dir='ltr'><strong>sed</strong></span> <span class='ocrx_word' id='word_1_8' title='bbox 790 633 863 692; x_wconf 87' lang='lat' dir='ltr'><strong>quae</strong></span> <span class='ocrx_word' id='word_1_9' title='bbox 880 613 973 673; x_wconf 86' lang='lat' dir='ltr'><strong>Ennio</strong></span> <span class='ocrx_word' id='word_1_10' title='bbox 989 633 1085 674; x_wconf 89' lang='lat' dir='ltr'><strong>ansam</strong></span> <span class='ocrx_word' id='word_1_11' title='bbox 1105 633 1174 674; x_wconf 90' lang='lat' dir='ltr'><strong>suae</strong></span> <span class='ocrx_word' id='word_1_12' title='bbox 1190 616 1372 674; x_wconf 73' lang='lat' dir='ltr'><strong>narrationis</strong></span> 
     </span>
     <span class='ocr_line' id='line_1_3' title="bbox 260 717 1369 798; baseline 0 -20"><span class='ocrx_word' id='word_1_13' title='bbox 260 720 404 798; x_wconf 86' lang='lat' dir='ltr'><strong>praebere</strong></span> <span class='ocrx_word' id='word_1_14' title='bbox 423 726 559 797; x_wconf 85' lang='lat' dir='ltr'><strong>possent.¹</strong></span> <span class='ocrx_word' id='word_1_15' title='bbox 580 717 625 778; x_wconf 81' lang='lat' dir='ltr'><strong>cf.</strong></span> <span class='ocrx_word' id='word_1_16' title='bbox 644 721 772 779; x_wconf 83' lang='lat' dir='ltr'><strong>Zonaras</strong></span> <span class='ocrx_word' id='word_1_17' title='bbox 784 720 851 779; x_wconf 90' lang='lat' dir='ltr'>VIII</span> <span class='ocrx_word' id='word_1_18' title='bbox 864 720 901 779; x_wconf 82' lang='lat'><strong>14</strong></span> <span class='ocrx_word' id='word_1_19' title='bbox 916 739 944 798; x_wconf 88' lang='lat' dir='ltr'><strong>p.</strong></span> <span class='ocrx_word' id='word_1_20' title='bbox 959 717 1026 776; x_wconf 86' lang='lat'><strong>152.</strong></span> <span class='ocrx_word' id='word_1_21' title='bbox 1044 718 1112 777; x_wconf 89' lang='lat' dir='ltr'>VIII</span> <span class='ocrx_word' id='word_1_22' title='bbox 1126 721 1164 780; x_wconf 89' lang='lat'><strong>16</strong></span> <span class='ocrx_word' id='word_1_23' title='bbox 1186 739 1214 798; x_wconf 88' lang='lat' dir='ltr'><strong>p.</strong></span> <span class='ocrx_word' id='word_1_24' title='bbox 1233 720 1292 779; x_wconf 82' lang='lat'><strong>159</strong></span> <span class='ocrx_word' id='word_1_25' title='bbox 1314 721 1369 779; x_wconf 88' lang='lat' dir='ltr'><strong>ed.</strong></span> 
     </span>
     <span class='ocr_line' id='line_1_4' title="bbox 260 824 1369 902; baseline -0.001 -18"><span class='ocrx_word' id='word_1_26' title='bbox 260 825 350 884; x_wconf 77' lang='lat' dir='ltr'><strong>donn.</strong></span> <span class='ocrx_word' id='word_1_27' title='bbox 373 824 469 902; x_wconf 86' lang='lat' dir='ltr'><strong>Atque</strong></span> <span class='ocrx_word' id='word_1_28' title='bbox 485 824 558 884; x_wconf 87' lang='lat' dir='ltr'><strong>inira</strong></span> <span class='ocrx_word' id='word_1_29' title='bbox 574 825 709 902; x_wconf 89' lang='lat' dir='ltr'><strong>exemplo</strong></span> <span class='ocrx_word' id='word_1_30' title='bbox 724 824 873 884; x_wconf 88' lang='lat' dir='ltr'><strong>ostendam</strong></span> <span class='ocrx_word' id='word_1_31' title='bbox 885 825 1005 884; x_wconf 88' lang='lat' dir='ltr'><strong>Ennium</strong></span> <span class='ocrx_word' id='word_1_32' title='bbox 1020 826 1106 883; x_wconf 84' lang='lat' dir='ltr'><strong>etIam</strong></span> <span class='ocrx_word' id='word_1_33' title='bbox 1121 824 1189 883; x_wconf 89' lang='lat' dir='ltr'><strong>alibi</strong></span> <span class='ocrx_word' id='word_1_34' title='bbox 1205 824 1295 883; x_wconf 89' lang='lat' dir='ltr'><strong>ubere</strong></span> <span class='ocrx_word' id='word_1_35' title='bbox 1312 843 1369 883; x_wconf 88' lang='lat' dir='ltr'><strong>ex-</strong></span> 
     </span>
     <span class='ocr_line' id='line_1_5' title="bbox 262 929 1368 1008; baseline 0.001 -21"><span class='ocrx_word' id='word_1_36' title='bbox 262 931 396 1007; x_wconf 84' lang='lat' dir='ltr'><strong>posuisse</strong></span> <span class='ocrx_word' id='word_1_37' title='bbox 413 929 562 1006; x_wconf 84' lang='lat' dir='ltr'><strong>derebus,</strong></span> <span class='ocrx_word' id='word_1_38' title='bbox 587 948 705 1008; x_wconf 88' lang='lat' dir='ltr'><strong>quarum</strong></span> <span class='ocrx_word' id='word_1_39' title='bbox 727 947 780 988; x_wconf 93' lang='lat' dir='ltr'><strong>nos</strong></span> <span class='ocrx_word' id='word_1_40' title='bbox 801 931 887 990; x_wconf 89' lang='lat' dir='ltr'><strong>ualde</strong></span> <span class='ocrx_word' id='word_1_41' title='bbox 910 929 1015 989; x_wconf 89' lang='lat' dir='ltr'><strong>exilem</strong></span> <span class='ocrx_word' id='word_1_42' title='bbox 1034 930 1163 988; x_wconf 73' lang='lat' dir='ltr'><strong>notitiam</strong></span> <span class='ocrx_word' id='word_1_43' title='bbox 1184 930 1368 1007; x_wconf 88' lang='lat' dir='ltr'><strong>accepimus.</strong></span> 
     </span>
     <span class='ocr_line' id='line_1_6' title="bbox 261 1033 1370 1112; baseline -0.003 -17"><span class='ocrx_word' id='word_1_44' title='bbox 261 1036 320 1095; x_wconf 86' lang='lat' dir='ltr'><strong>Sed</strong></span> <span class='ocrx_word' id='word_1_45' title='bbox 342 1054 405 1095; x_wconf 89' lang='lat' dir='ltr'><strong>eam</strong></span> <span class='ocrx_word' id='word_1_46' title='bbox 423 1034 461 1095; x_wconf 91' lang='lat' dir='ltr'><strong>ob</strong></span> <span class='ocrx_word' id='word_1_47' title='bbox 478 1037 645 1095; x_wconf 86' lang='lat' dir='ltr'><strong>tenuitatem</strong></span> <span class='ocrx_word' id='word_1_48' title='bbox 660 1036 816 1095; x_wconf 90' lang='lat' dir='ltr'><strong>memoriae</strong></span> <span class='ocrx_word' id='word_1_49' title='bbox 830 1035 939 1112; x_wconf 81' lang='lat' dir='ltr'><strong>Hagios</strong></span> <span class='ocrx_word' id='word_1_50' title='bbox 956 1034 1149 1094; x_wconf 85' lang='lat' dir='ltr'><strong>arbitrabatur</strong></span> <span class='ocrx_word' id='word_1_51' title='bbox 1162 1033 1283 1094; x_wconf 84' lang='lat' dir='ltr'><strong>Ennium</strong></span> <span class='ocrx_word' id='word_1_52' title='bbox 1305 1051 1370 1093; x_wconf 89' lang='lat' dir='ltr'><strong>non</strong></span> 
     </span>
     <span class='ocr_line' id='line_1_7' title="bbox 261 1137 1368 1218; baseline -0.005 -17"><span class='ocrx_word' id='word_1_53' title='bbox 261 1143 296 1201; x_wconf 90' lang='lat' dir='ltr'><strong>de</strong></span> <span class='ocrx_word' id='word_1_54' title='bbox 309 1141 360 1200; x_wconf 93' lang='lat' dir='ltr'><strong>illo</strong></span> <span class='ocrx_word' id='word_1_55' title='bbox 371 1139 496 1199; x_wconf 85' lang='lat' dir='ltr'><strong>Seruilio</strong></span> <span class='ocrx_word' id='word_1_56' title='bbox 509 1158 594 1218; x_wconf 86' lang='lat' dir='ltr'><strong>quern</strong></span> <span class='ocrx_word' id='word_1_57' title='bbox 611 1141 669 1199; x_wconf 92' lang='lat' dir='ltr'><strong>dixi</strong></span> <span class='ocrx_word' id='word_1_58' title='bbox 685 1140 736 1198; x_wconf 91' lang='lat' dir='ltr'><strong>sed</strong></span> <span class='ocrx_word' id='word_1_59' title='bbox 752 1139 788 1198; x_wconf 91' lang='lat' dir='ltr'><strong>de</strong></span> <span class='ocrx_word' id='word_1_60' title='bbox 803 1141 915 1198; x_wconf 91' lang='lat' dir='ltr'><strong>iuniore</strong></span> <span class='ocrx_word' id='word_1_61' title='bbox 927 1141 1016 1217; x_wconf 76' lang='lat' dir='ltr'><strong>loqui,</strong></span> <span class='ocrx_word' id='word_1_62' title='bbox 1032 1157 1068 1198; x_wconf 90' lang='lat' dir='ltr'><strong>eo</strong></span> <span class='ocrx_word' id='word_1_63' title='bbox 1084 1141 1132 1218; x_wconf 91' lang='lat' dir='ltr'><strong>qui</strong></span> <span class='ocrx_word' id='word_1_64' title='bbox 1144 1142 1172 1198; x_wconf 91' lang='lat' dir='ltr'><strong>in</strong></span> <span class='ocrx_word' id='word_1_65' title='bbox 1183 1157 1278 1218; x_wconf 89' lang='lat' dir='ltr'><strong>pugna</strong></span> <span class='ocrx_word' id='word_1_66' title='bbox 1289 1137 1368 1197; x_wconf 83' lang='lat' dir='ltr'><strong>Gen-</strong></span> 
     </span>
    </p>
   </div>
   <div class='ocr_carea' id='block_1_3' title="bbox 261 1237 1383 1323">
    <p class='ocr_par' dir='ltr' id='par_1_3' title="bbox 261 1237 1383 1323">
     <span class='ocr_line' id='line_1_8' title="bbox 261 1237 1383 1323; baseline 0 -19"><span class='ocrx_word' id='word_1_67' title='bbox 261 1247 342 1306; x_wconf 87' lang='lat' dir='ltr'><strong>nensi</strong></span> <span class='ocrx_word' id='word_1_68' title='bbox 362 1245 477 1304; x_wconf 86' lang='lat' dir='ltr'><strong>fortiter</strong></span> <span class='ocrx_word' id='word_1_69' title='bbox 496 1263 643 1323; x_wconf 85' lang='lat' dir='ltr'><strong>pugnasse</strong></span> <span class='ocrx_word' id='word_1_70' title='bbox 665 1246 864 1322; x_wconf 78' lang='lat' dir='ltr'><strong>communique</strong></span> <span class='ocrx_word' id='word_1_71' title='bbox 888 1245 971 1304; x_wconf 87' lang='lat' dir='ltr'><strong>clade</strong></span> <span class='ocrx_word' id='word_1_72' title='bbox 988 1247 1133 1306; x_wconf 88' lang='lat' dir='ltr'><strong>occidisse</strong></span> <span class='ocrx_word' id='word_1_73' title='bbox 1155 1245 1282 1305; x_wconf 88' lang='lat' dir='ltr'><strong>traditur.</strong></span> <span class='ocrx_word' id='word_1_74' title='bbox 1317 1237 1383 1304; x_wconf 84' lang='lat' dir='ltr'><strong>Gi.¹</strong></span> 
     </span>
    </p>
   </div>
   <div class='ocr_carea' id='block_1_4' title="bbox 260 1348 1368 3527">
    <p class='ocr_par' dir='ltr' id='par_1_4' title="bbox 260 1348 1368 1847">
     <span class='ocr_line' id='line_1_9' title="bbox 260 1348 1368 1435; baseline -0.002 -25"><span class='ocrx_word' id='word_1_75' title='bbox 260 1352 356 1411; x_wconf 89' lang='lat' dir='ltr'><strong>Liuius</strong></span> <span class='ocrx_word' id='word_1_76' title='bbox 375 1349 457 1408; x_wconf 90' lang='lat' dir='ltr'>XXII</span> <span class='ocrx_word' id='word_1_77' title='bbox 473 1350 523 1408; x_wconf 83' lang='lat'><strong>45.</strong></span> <span class='ocrx_word' id='word_1_78' title='bbox 545 1349 596 1408; x_wconf 83' lang='lat'><strong>49.</strong></span> <span class='ocrx_word' id='word_1_79' title='bbox 652 1348 736 1421; x_wconf 84' lang='lat' dir='ltr'><strong>Quod</strong></span> <span class='ocrx_word' id='word_1_80' title='bbox 758 1350 813 1409; x_wconf 89' lang='lat' dir='ltr'><strong>etsi</strong></span> <span class='ocrx_word' id='word_1_81' title='bbox 831 1350 894 1408; x_wconf 86' lang='lat' dir='ltr'><strong>fieri</strong></span> <span class='ocrx_word' id='word_1_82' title='bbox 916 1351 1047 1435; x_wconf 83' lang='lat' dir='ltr'><strong>potuisse</strong></span> <span class='ocrx_word' id='word_1_83' title='bbox 1068 1367 1125 1408; x_wconf 92' lang='lat' dir='ltr'><strong>non</strong></span> <span class='ocrx_word' id='word_1_84' title='bbox 1146 1368 1241 1428; x_wconf 83' lang='lat' dir='ltr'><strong>nego,</strong></span> <span class='ocrx_word' id='word_1_85' title='bbox 1262 1360 1368 1428; x_wconf 87' lang='lat' dir='ltr'><strong>persto</strong></span> 
     </span>
     <span class='ocr_line' id='line_1_10' title="bbox 262 1453 1368 1533; baseline -0.002 -19"><span class='ocrx_word' id='word_1_86' title='bbox 262 1465 371 1530; x_wconf 75' lang='lat' dir='ltr'><strong>tamen,</strong></span> <span class='ocrx_word' id='word_1_87' title='bbox 396 1456 528 1532; x_wconf 86' lang='lat' dir='ltr'><strong>quoniam</strong></span> <span class='ocrx_word' id='word_1_88' title='bbox 549 1455 692 1513; x_wconf 86' lang='lat' dir='ltr'><strong>recedere</strong></span> <span class='ocrx_word' id='word_1_89' title='bbox 714 1455 752 1513; x_wconf 89' lang='lat' dir='ltr'><strong>nil</strong></span> <span class='ocrx_word' id='word_1_90' title='bbox 776 1457 870 1530; x_wconf 80' lang='lat' dir='ltr'><strong>cogit,</strong></span> <span class='ocrx_word' id='word_1_91' title='bbox 894 1455 921 1512; x_wconf 94' lang='lat' dir='ltr'><strong>in</strong></span> <span class='ocrx_word' id='word_1_92' title='bbox 940 1456 1077 1514; x_wconf 88' lang='lat' dir='ltr'><strong>memoria</strong></span> <span class='ocrx_word' id='word_1_93' title='bbox 1099 1453 1185 1514; x_wconf 87' lang='lat' dir='ltr'><strong>Gellii</strong></span> <span class='ocrx_word' id='word_1_94' title='bbox 1205 1457 1252 1533; x_wconf 90' lang='lat' dir='ltr'><strong>qui</strong></span> <span class='ocrx_word' id='word_1_95' title='bbox 1271 1454 1326 1513; x_wconf 97' lang='lat' dir='ltr'><strong>XII</strong></span> <span class='ocrx_word' id='word_1_96' title='bbox 1347 1455 1368 1512; x_wconf 88' lang='grc'>4</span> 
     </span>
     <span class='ocr_line' id='line_1_11' title="bbox 262 1547 1367 1637; baseline 0 -19"><span class='ocrx_word' id='word_1_97' title='bbox 262 1580 278 1618; x_wconf 93' lang='lat' dir='ltr'><strong>e</strong></span> <span class='ocrx_word' id='word_1_98' title='bbox 302 1561 441 1636; x_wconf 77' lang='lat' dir='ltr'><strong>septimo,</strong></span> <span class='ocrx_word' id='word_1_99' title='bbox 470 1577 528 1618; x_wconf 91' lang='lat' dir='ltr'><strong>non</strong></span> <span class='ocrx_word' id='word_1_100' title='bbox 555 1560 600 1617; x_wconf 91' lang='lat' dir='ltr'><strong>cui</strong></span> <span class='ocrx_word' id='word_1_101' title='bbox 625 1560 674 1617; x_wconf 91' lang='lat' dir='ltr'><strong>ille</strong></span> <span class='ocrx_word' id='word_1_102' title='bbox 698 1559 823 1618; x_wconf 87' lang='lat' dir='ltr'><strong>uindicat</strong></span> <span class='ocrx_word' id='word_1_103' title='bbox 851 1567 957 1618; x_wconf 87' lang='lat' dir='ltr'><strong>octauo</strong></span> <span class='ocrx_word' id='word_1_104' title='bbox 985 1547 1079 1618; x_wconf 89' lang='lat' dir='ltr'><strong>annali</strong></span> <span class='ocrx_word' id='word_1_105' title='bbox 1112 1559 1301 1637; x_wconf 86' lang='lat' dir='ltr'><strong>fragmentum</strong></span> <span class='ocrx_word' id='word_1_106' title='bbox 1324 1563 1367 1618; x_wconf 92' lang='lat' dir='ltr'><strong>ci-</strong></span> 
     </span>
     <span class='ocr_line' id='line_1_12' title="bbox 261 1665 1367 1742; baseline 0 -20"><span class='ocrx_word' id='word_1_107' title='bbox 261 1667 347 1723; x_wconf 88' lang='lat' dir='ltr'><strong>tauit:</strong></span> <span class='ocrx_word' id='word_1_108' title='bbox 379 1682 548 1742; x_wconf 89' lang='lat' dir='ltr'><strong>quamquam</strong></span> <span class='ocrx_word' id='word_1_109' title='bbox 581 1682 681 1723; x_wconf 91' lang='lat' dir='ltr'><strong>eorum</strong></span> <span class='ocrx_word' id='word_1_110' title='bbox 715 1665 902 1723; x_wconf 91' lang='lat' dir='ltr'><strong>occasionem</strong></span> <span class='ocrx_word' id='word_1_111' title='bbox 933 1682 1068 1723; x_wconf 89' lang='lat' dir='ltr'><strong>uersuum</strong></span> <span class='ocrx_word' id='word_1_112' title='bbox 1103 1667 1210 1725; x_wconf 89' lang='lat' dir='ltr'><strong>certius</strong></span> <span class='ocrx_word' id='word_1_113' title='bbox 1244 1665 1367 1724; x_wconf 87' lang='lat' dir='ltr'><strong>definire</strong></span> 
     </span>
     <span class='ocr_line' id='line_1_13' title="bbox 262 1769 1070 1847; baseline -0.001 -20"><span class='ocrx_word' id='word_1_114' title='bbox 262 1788 315 1847; x_wconf 92' lang='lat' dir='ltr'><strong>per</strong></span> <span class='ocrx_word' id='word_1_115' title='bbox 338 1789 371 1828; x_wconf 90' lang='lat' dir='ltr'><strong>ea</strong></span> <span class='ocrx_word' id='word_1_116' title='bbox 395 1787 469 1846; x_wconf 71' lang='lat' dir='ltr'><strong>quiae</strong></span> <span class='ocrx_word' id='word_1_117' title='bbox 493 1770 529 1827; x_wconf 92' lang='lat' dir='ltr'><strong>de</strong></span> <span class='ocrx_word' id='word_1_118' title='bbox 551 1770 684 1828; x_wconf 87' lang='lat' dir='ltr'><strong>Seruiliis</strong></span> <span class='ocrx_word' id='word_1_119' title='bbox 705 1769 893 1847; x_wconf 89' lang='lat' dir='ltr'><strong>perhibentur</strong></span> <span class='ocrx_word' id='word_1_120' title='bbox 914 1787 971 1826; x_wconf 89' lang='lat' dir='ltr'><strong>non</strong></span> <span class='ocrx_word' id='word_1_121' title='bbox 993 1769 1070 1828; x_wconf 89' lang='lat' dir='ltr'><strong>licet.</strong></span> 
     </span>
    </p>

    <p class='ocr_par' dir='ltr' id='par_1_5' title="bbox 261 1872 1367 3106">
     <span class='ocr_line' id='line_1_14' title="bbox 347 1872 1366 1952; baseline 0.001 -21"><span class='ocrx_word' id='word_1_122' title='bbox 347 1872 393 1931; x_wconf 82' lang='lat' dir='ltr'><strong>Ad</strong></span> <span class='ocrx_word' id='word_1_123' title='bbox 417 1873 474 1932; x_wconf 89' lang='lat' dir='ltr'><strong>lroc</strong></span> <span class='ocrx_word' id='word_1_124' title='bbox 500 1872 606 1932; x_wconf 89' lang='lat' dir='ltr'><strong>bellurn</strong></span> <span class='ocrx_word' id='word_1_125' title='bbox 638 1873 752 1932; x_wconf 88' lang='lat' dir='ltr'><strong>ascribo</strong></span> <span class='ocrx_word' id='word_1_126' title='bbox 780 1882 933 1950; x_wconf 91' lang='lat' dir='ltr'><strong>praeterea</strong></span> <span class='ocrx_word' id='word_1_127' title='bbox 963 1874 999 1932; x_wconf 86' lang='lat' dir='ltr'><strong>ir.</strong></span> <span class='ocrx_word' id='word_1_128' title='bbox 1022 1873 1079 1949; x_wconf 84' lang='lat' dir='ltr'><strong>IX,</strong></span> <span class='ocrx_word' id='word_1_129' title='bbox 1112 1876 1148 1934; x_wconf 92' lang='lat' dir='ltr'><strong>de</strong></span> <span class='ocrx_word' id='word_1_130' title='bbox 1176 1893 1234 1952; x_wconf 88' lang='lat' dir='ltr'><strong>quo</strong></span> <span class='ocrx_word' id='word_1_131' title='bbox 1262 1877 1366 1934; x_wconf 87' lang='lat' dir='ltr'><strong>nescio</strong></span> 
     </span>
     <span class='ocr_line' id='line_1_15' title="bbox 262 1976 1365 2055; baseline 0.002 -19"><span class='ocrx_word' id='word_1_132' title='bbox 262 1997 297 2037; x_wconf 94' lang='lat' dir='ltr'><strong>an</strong></span> <span class='ocrx_word' id='word_1_133' title='bbox 318 1996 335 2036; x_wconf 85' lang='lat' dir='ltr'><strong>e</strong></span> <span class='ocrx_word' id='word_1_134' title='bbox 352 1976 438 2037; x_wconf 85' lang='lat' dir='ltr'><strong>Gellii</strong></span> <span class='ocrx_word' id='word_1_135' title='bbox 457 1978 555 2037; x_wconf 90' lang='lat' dir='ltr'><strong>uerbis</strong></span> <span class='ocrx_word' id='word_1_136' title='bbox 571 1978 665 2038; x_wconf 90' lang='lat' dir='ltr'>XVIII</span> <span class='ocrx_word' id='word_1_137' title='bbox 682 1979 700 2037; x_wconf 87' lang='grc'><strong>5</strong></span> <span class='ocrx_word' id='word_1_138' title='bbox 719 1983 769 2037; x_wconf 85' lang='lat' dir='ltr'><strong>bos</strong></span> <span class='ocrx_word' id='word_1_139' title='bbox 787 1998 848 2038; x_wconf 87' lang='lat' dir='ltr'><strong>eum</strong></span> <span class='ocrx_word' id='word_1_140' title='bbox 865 1987 990 2054; x_wconf 91' lang='lat' dir='ltr'><strong>primum</strong></span> <span class='ocrx_word' id='word_1_141' title='bbox 1006 1999 1106 2039; x_wconf 82' lang='lat' dir='ltr'><strong>uersus</strong></span> <span class='ocrx_word' id='word_1_142' title='bbox 1121 1999 1276 2055; x_wconf 83' lang='lat' dir='ltr'><strong>perperam</strong></span> <span class='ocrx_word' id='word_1_143' title='bbox 1292 2001 1365 2054; x_wconf 89' lang='lat' dir='ltr'><strong>pro·</strong></span> 
     </span>
     <span class='ocr_line' id='line_1_16' title="bbox 261 2087 1367 2160; baseline -0.001 -17"><span class='ocrx_word' id='word_1_144' title='bbox 261 2090 429 2143; x_wconf 84' lang='lat' dir='ltr'><strong>nuntiantem</strong></span> <span class='ocrx_word' id='word_1_145' title='bbox 446 2089 615 2142; x_wconf 82' lang='lat' dir='ltr'><strong>audiuimus:</strong></span> <span class='ocrx_word' id='word_1_146' title='bbox 633 2087 748 2157; x_wconf 81' lang='lat' dir='ltr'><strong>denique</strong></span> <span class='ocrx_word' id='word_1_147' title='bbox 759 2091 951 2159; x_wconf 88' lang='lat' dir='ltr'><strong>...proiciunt</strong></span> <span class='ocrx_word' id='word_1_148' title='bbox 966 2103 1040 2150; x_wconf 65' lang='lat' dir='ltr'><strong>sese·</strong></span> <span class='ocrx_word' id='word_1_149' title='bbox 1058 2104 1145 2160; x_wconf 81' lang='lat' dir='ltr'><strong>neque</strong></span> <span class='ocrx_word' id='word_1_150' title='bbox 1162 2091 1252 2144; x_wconf 85' lang='lat' dir='ltr'><strong>multis</strong></span> <span class='ocrx_word' id='word_1_151' title='bbox 1267 2094 1367 2159; x_wconf 82' lang='lat' dir='ltr'><strong>postea</strong></span> 
     </span>
     <span class='ocr_line' id='line_1_17' title="bbox 262 2189 1365 2266; baseline 0.001 -19"><span class='ocrx_word' id='word_1_152' title='bbox 262 2193 386 2247; x_wconf 84' lang='lat' dir='ltr'><strong>uersibus</strong></span> <span class='ocrx_word' id='word_1_153' title='bbox 408 2192 508 2245; x_wconf 86' lang='lat' dir='ltr'><strong>additis</strong></span> <span class='ocrx_word' id='word_1_154' title='bbox 531 2189 730 2246; x_wconf 80' lang='lat' dir='ltr'><strong>celebrantibus</strong></span> <span class='ocrx_word' id='word_1_155' title='bbox 751 2207 811 2246; x_wconf 91' lang='lat' dir='ltr'><strong>eum</strong></span> <span class='ocrx_word' id='word_1_156' title='bbox 833 2193 1059 2264; x_wconf 82' lang='lat' dir='ltr'><strong>laudantibusque</strong></span> <span class='ocrx_word' id='word_1_157' title='bbox 1090 2194 1212 2249; x_wconf 79' lang='lat' dir='ltr'><strong>omnibus</strong></span> <span class='ocrx_word' id='word_1_158' title='bbox 1233 2195 1365 2266; x_wconf 80' lang='lat' dir='ltr'><strong>discessit,</strong></span> 
     </span>
     <span class='ocr_line' id='line_1_18' title="bbox 263 2290 1366 2372; baseline 0.004 -22"><span class='ocrx_word' id='word_1_159' title='bbox 263 2292 371 2368; x_wconf 87' lang='lat' dir='ltr'><strong>conligi</strong></span> <span class='ocrx_word' id='word_1_160' title='bbox 393 2290 517 2363; x_wconf 87' lang='lat' dir='ltr'><strong>debeat,</strong></span> <span class='ocrx_word' id='word_1_161' title='bbox 541 2306 597 2347; x_wconf 92' lang='lat' dir='ltr'><strong>non</strong></span> <span class='ocrx_word' id='word_1_162' title='bbox 613 2290 702 2365; x_wconf 87' lang='lat' dir='ltr'><strong>longe</strong></span> <span class='ocrx_word' id='word_1_163' title='bbox 725 2291 794 2350; x_wconf 91' lang='lat' dir='ltr'><strong>illud</strong></span> <span class='ocrx_word' id='word_1_164' title='bbox 810 2309 826 2350; x_wconf 86' lang='lat' dir='ltr'><strong>a</strong></span> <span class='ocrx_word' id='word_1_165' title='bbox 843 2291 899 2350; x_wconf 88' lang='lat' dir='ltr'><strong>fine</strong></span> <span class='ocrx_word' id='word_1_166' title='bbox 922 2291 986 2350; x_wconf 92' lang='lat' dir='ltr'><strong>iibri</strong></span> <span class='ocrx_word' id='word_1_167' title='bbox 1009 2294 1133 2354; x_wconf 86' lang='lat' dir='ltr'><strong>afuisse:</strong></span> <span class='ocrx_word' id='word_1_168' title='bbox 1157 2312 1242 2372; x_wconf 88' lang='lat' dir='ltr'><strong>quem</strong></span> <span class='ocrx_word' id='word_1_169' title='bbox 1262 2296 1366 2354; x_wconf 90' lang='lat' dir='ltr'><strong>librum</strong></span> 
     </span>
     <span class='ocr_line' id='line_1_19' title="bbox 263 2394 1365 2477; baseline 0.005 -24"><span class='ocrx_word' id='word_1_170' title='bbox 263 2397 328 2456; x_wconf 91' lang='lat' dir='ltr'><strong>inde</strong></span> <span class='ocrx_word' id='word_1_171' title='bbox 351 2395 471 2472; x_wconf 88' lang='lat' dir='ltr'><strong>adparet</strong></span> <span class='ocrx_word' id='word_1_172' title='bbox 499 2410 555 2452; x_wconf 92' lang='lat' dir='ltr'><strong>non</strong></span> <span class='ocrx_word' id='word_1_173' title='bbox 578 2395 652 2453; x_wconf 84' lang='lat' dir='ltr'><strong>iuter</strong></span> <span class='ocrx_word' id='word_1_174' title='bbox 672 2394 825 2453; x_wconf 80' lang='lat' dir='ltr'><strong>interiores</strong></span> <span class='ocrx_word' id='word_1_175' title='bbox 847 2394 937 2455; x_wconf 82' lang='lat' dir='ltr'><strong>fuisse</strong></span> <span class='ocrx_word' id='word_1_176' title='bbox 965 2400 1014 2476; x_wconf 88' lang='lat' dir='ltr'><strong>qui</strong></span> <span class='ocrx_word' id='word_1_177' title='bbox 1034 2399 1070 2458; x_wconf 95' lang='lat' dir='ltr'><strong>ad</strong></span> <span class='ocrx_word' id='word_1_178' title='bbox 1092 2400 1236 2477; x_wconf 84' lang='lat' dir='ltr'><strong>pubIIcam</strong></span> <span class='ocrx_word' id='word_1_179' title='bbox 1261 2402 1365 2459; x_wconf 89' lang='lat' dir='ltr'><strong>recita-</strong></span> 
     </span>
     <span class='ocr_line' id='line_1_20' title="bbox 263 2497 1365 2582; baseline 0.005 -24"><span class='ocrx_word' id='word_1_180' title='bbox 263 2502 369 2559; x_wconf 88' lang='lat' dir='ltr'><strong>tionem</strong></span> <span class='ocrx_word' id='word_1_181' title='bbox 391 2498 580 2575; x_wconf 87' lang='lat' dir='ltr'><strong>deligeretur.</strong></span> <span class='ocrx_word' id='word_1_182' title='bbox 626 2497 743 2558; x_wconf 89' lang='lat' dir='ltr'><strong>Poterat</strong></span> <span class='ocrx_word' id='word_1_183' title='bbox 761 2509 856 2558; x_wconf 87' lang='lat' dir='ltr'><strong>autem</strong></span> <span class='ocrx_word' id='word_1_184' title='bbox 876 2519 979 2559; x_wconf 84' lang='lat' dir='ltr'><strong>uersus</strong></span> <span class='ocrx_word' id='word_1_185' title='bbox 1001 2502 1070 2580; x_wconf 80' lang='lat' dir='ltr'><strong>itte,</strong></span> <span class='ocrx_word' id='word_1_186' title='bbox 1093 2505 1235 2582; x_wconf 89' lang='lat' dir='ltr'><strong>siquidem</strong></span> <span class='ocrx_word' id='word_1_187' title='bbox 1257 2505 1365 2565; x_wconf 88' lang='lat' dir='ltr'><strong>bellum</strong></span> 
     </span>
     <span class='ocr_line' id='line_1_21' title="bbox 263 2603 1365 2687; baseline 0.002 -23"><span class='ocrx_word' id='word_1_188' title='bbox 263 2606 398 2664; x_wconf 89' lang='lat' dir='ltr'><strong>Punicum</strong></span> <span class='ocrx_word' id='word_1_189' title='bbox 416 2605 535 2680; x_wconf 91' lang='lat' dir='ltr'><strong>primurn</strong></span> <span class='ocrx_word' id='word_1_190' title='bbox 557 2603 592 2662; x_wconf 90' lang='lat' dir='ltr'><strong>ad</strong></span> <span class='ocrx_word' id='word_1_191' title='bbox 616 2612 775 2662; x_wconf 89' lang='lat' dir='ltr'><strong>extremum</strong></span> <span class='ocrx_word' id='word_1_192' title='bbox 790 2604 893 2663; x_wconf 90' lang='lat' dir='ltr'><strong>librum</strong></span> <span class='ocrx_word' id='word_1_193' title='bbox 914 2609 1069 2684; x_wconf 79' lang='lat' dir='ltr'><strong>pertiduit,</strong></span> <span class='ocrx_word' id='word_1_194' title='bbox 1092 2609 1140 2667; x_wconf 91' lang='lat' dir='ltr'><strong>uel</strong></span> <span class='ocrx_word' id='word_1_195' title='bbox 1162 2611 1190 2668; x_wconf 93' lang='lat' dir='ltr'><strong>in</strong></span> <span class='ocrx_word' id='word_1_196' title='bbox 1207 2607 1365 2687; x_wconf 87' lang='lat' dir='ltr'><strong>Xanthippi</strong></span> 
     </span>
     <span class='ocr_line' id='line_1_22' title="bbox 264 2702 1364 2794; baseline 0.003 -27"><span class='ocrx_word' id='word_1_197' title='bbox 264 2727 360 2787; x_wconf 89' lang='lat' dir='ltr'><strong>pugna</strong></span> <span class='ocrx_word' id='word_1_198' title='bbox 382 2709 477 2766; x_wconf 88' lang='lat' dir='ltr'><strong>locum</strong></span> <span class='ocrx_word' id='word_1_199' title='bbox 497 2707 606 2765; x_wconf 88' lang='lat' dir='ltr'><strong>habere</strong></span> <span class='ocrx_word' id='word_1_200' title='bbox 628 2707 703 2766; x_wconf 88' lang='lat' dir='ltr'><strong>conl.</strong></span> <span class='ocrx_word' id='word_1_201' title='bbox 725 2708 847 2783; x_wconf 80' lang='lat' dir='ltr'><strong>Polybio</strong></span> <span class='ocrx_word' id='word_1_202' title='bbox 869 2709 882 2767; x_wconf 99' lang='lat' dir='ltr'>I</span> <span class='ocrx_word' id='word_1_203' title='bbox 904 2709 943 2768; x_wconf 88' lang='grc'><strong>34</strong></span> <span class='ocrx_word' id='word_1_204' title='bbox 965 2703 1026 2787; x_wconf 83' lang='grc' dir='ltr'><strong>άμα</strong></span> <span class='ocrx_word' id='word_1_205' title='bbox 1046 2709 1078 2770; x_wconf 81' lang='grc' dir='ltr'><strong>δὲ</strong></span> <span class='ocrx_word' id='word_1_206' title='bbox 1098 2715 1140 2794; x_wconf 75' lang='grc' dir='ltr'><strong>τῷ</strong></span> <span class='ocrx_word' id='word_1_207' title='bbox 1159 2702 1213 2774; x_wconf 80' lang='grc' dir='ltr'><strong>τὸν</strong></span> <span class='ocrx_word' id='word_1_208' title='bbox 1230 2706 1364 2778; x_wconf 77' lang='grc' dir='ltr'><em>Ξάνθιπ-</em></span> 
     </span>
     <span class='ocr_line' id='line_1_23' title="bbox 262 2809 1366 2893; baseline 0.001 -21"><span class='ocrx_word' id='word_1_209' title='bbox 262 2832 320 2872; x_wconf 89' lang='grc' dir='ltr'><strong>πον</strong></span> <span class='ocrx_word' id='word_1_210' title='bbox 342 2817 403 2884; x_wconf 82' lang='grc' dir='ltr'><strong><em>τοῖς</em></strong></span> <span class='ocrx_word' id='word_1_211' title='bbox 425 2809 478 2888; x_wconf 79' lang='grc' dir='ltr'><strong>μὲν</strong></span> <span class='ocrx_word' id='word_1_212' title='bbox 498 2809 624 2871; x_wconf 74' lang='grc' dir='ltr'><em>ἐπὶτῶν</em></span> <span class='ocrx_word' id='word_1_213' title='bbox 646 2811 763 2891; x_wconf 74' lang='grc' dir='ltr'><em>θηρίων</em></span> <span class='ocrx_word' id='word_1_214' title='bbox 783 2814 978 2893; x_wconf 77' lang='grc' dir='ltr'><em>παραγγεῖλαι</em></span> <span class='ocrx_word' id='word_1_215' title='bbox 1000 2809 1141 2893; x_wconf 78' lang='grc' dir='ltr'><em>προάγειν</em></span> <span class='ocrx_word' id='word_1_216' title='bbox 1163 2815 1213 2875; x_wconf 84' lang='grc' dir='ltr'><strong>καλ</strong></span> <span class='ocrx_word' id='word_1_217' title='bbox 1237 2818 1366 2876; x_wconf 80' lang='grc' dir='ltr'><em>διασπᾶν</em></span> 
     </span>
     <span class='ocr_line' id='line_1_24' title="bbox 263 2907 1363 3001; baseline 0.004 -25"><span class='ocrx_word' id='word_1_218' title='bbox 263 2908 579 2989; x_wconf 79' lang='grc' dir='ltr'><em>τάςτῶνῦπεναντλων</em></span> <span class='ocrx_word' id='word_1_219' title='bbox 596 2915 698 2992; x_wconf 82' lang='grc' dir='ltr'><em>τάξεις,</em></span> <span class='ocrx_word' id='word_1_220' title='bbox 713 2921 773 2988; x_wconf 82' lang='grc' dir='ltr'><strong><em>τοῖς</em></strong></span> <span class='ocrx_word' id='word_1_221' title='bbox 788 2907 813 2975; x_wconf 85' lang='lat' dir='ltr'><strong>d&#39;</strong></span> <span class='ocrx_word' id='word_1_222' title='bbox 831 2917 979 2994; x_wconf 81' lang='grc' dir='ltr'><em>ἱππεῦσιν,</em></span> <span class='ocrx_word' id='word_1_223' title='bbox 997 2909 1040 2994; x_wconf 82' lang='grc' dir='ltr'><strong>ἐφ’</strong></span> <span class='ocrx_word' id='word_1_224' title='bbox 1059 2917 1195 3001; x_wconf 79' lang='grc' dir='ltr'><em>ἑκατέραν</em></span> <span class='ocrx_word' id='word_1_225' title='bbox 1210 2925 1264 2980; x_wconf 79' lang='grc' dir='ltr'><strong>τοῦ</strong></span> <span class='ocrx_word' id='word_1_226' title='bbox 1281 2919 1363 2999; x_wconf 85' lang='grc' dir='ltr'><em>κέρα-</em></span> 
     </span>
     <span class='ocr_line' id='line_1_25' title="bbox 263 3018 1363 3106; baseline 0.001 -25"><span class='ocrx_word' id='word_1_227' title='bbox 263 3043 311 3093; x_wconf 86' lang='grc' dir='ltr'><strong>τος</strong></span> <span class='ocrx_word' id='word_1_228' title='bbox 328 3023 460 3080; x_wconf 80' lang='grc' dir='ltr'><em>ιινιιλοῦν</em></span> <span class='ocrx_word' id='word_1_229' title='bbox 477 3019 527 3080; x_wconf 83' lang='grc' dir='ltr'><strong>καλ</strong></span> <span class='ocrx_word' id='word_1_230' title='bbox 545 3018 739 3101; x_wconf 75' lang='grc' dir='ltr'><em>προσβάλλειν</em></span> <span class='ocrx_word' id='word_1_231' title='bbox 755 3027 814 3094; x_wconf 81' lang='grc' dir='ltr'><strong><em>τοῖς</em></strong></span> <span class='ocrx_word' id='word_1_232' title='bbox 825 3023 972 3100; x_wconf 84' lang='grc' dir='ltr'><em>πολεμίοις</em></span> <span class='ocrx_word' id='word_1_233' title='bbox 984 3028 1045 3082; x_wconf 82' lang='lat' dir='ltr'><strong>unt.</strong></span> <span class='ocrx_word' id='word_1_234' title='bbox 1067 3022 1112 3084; x_wconf 82' lang='lat' dir='ltr'><strong>cf.</strong></span> <span class='ocrx_word' id='word_1_235' title='bbox 1125 3023 1264 3087; x_wconf 86' lang='lat' dir='ltr'><strong>Columna</strong></span> <span class='ocrx_word' id='word_1_236' title='bbox 1276 3046 1306 3106; x_wconf 90' lang='lat' dir='ltr'><strong>p.</strong></span> <span class='ocrx_word' id='word_1_237' title='bbox 1314 3025 1363 3083; x_wconf 79' lang='lat'><strong>72.</strong></span> 
     </span>
    </p>

    <p class='ocr_par' dir='ltr' id='par_1_6' title="bbox 264 3126 1366 3527">
     <span class='ocr_line' id='line_1_26' title="bbox 348 3126 1363 3207; baseline 0.008 -23"><span class='ocrx_word' id='word_1_238' title='bbox 348 3126 457 3185; x_wconf 89' lang='lat' dir='ltr'><strong>Verum</strong></span> <span class='ocrx_word' id='word_1_239' title='bbox 481 3128 505 3184; x_wconf 88' lang='lat' dir='ltr'><strong>si</strong></span> <span class='ocrx_word' id='word_1_240' title='bbox 530 3128 576 3185; x_wconf 90' lang='lat' dir='ltr'><strong>cui</strong></span> <span class='ocrx_word' id='word_1_241' title='bbox 602 3143 638 3184; x_wconf 91' lang='lat' dir='ltr'><strong>ne</strong></span> <span class='ocrx_word' id='word_1_242' title='bbox 662 3145 697 3186; x_wconf 89' lang='lat' dir='ltr'><strong>ea</strong></span> <span class='ocrx_word' id='word_1_243' title='bbox 720 3127 835 3204; x_wconf 89' lang='lat' dir='ltr'><strong>quidem</strong></span> <span class='ocrx_word' id='word_1_244' title='bbox 858 3145 942 3204; x_wconf 87' lang='lat' dir='ltr'><strong>quam</strong></span> <span class='ocrx_word' id='word_1_245' title='bbox 970 3131 1094 3207; x_wconf 89' lang='lat' dir='ltr'><strong>exposui</strong></span> <span class='ocrx_word' id='word_1_246' title='bbox 1114 3132 1226 3190; x_wconf 89' lang='lat' dir='ltr'><strong>ratione</strong></span> <span class='ocrx_word' id='word_1_247' title='bbox 1247 3134 1363 3192; x_wconf 87' lang='lat' dir='ltr'><strong>materia</strong></span> 
     </span>
     <span class='ocr_line' id='line_1_27' title="bbox 264 3230 1366 3317; baseline 0.007 -28"><span class='ocrx_word' id='word_1_248' title='bbox 264 3230 401 3290; x_wconf 81' lang='lat' dir='ltr'><strong>sufficere</strong></span> <span class='ocrx_word' id='word_1_249' title='bbox 426 3231 573 3307; x_wconf 75' lang='lat' dir='ltr'><strong>uideatur,</strong></span> <span class='ocrx_word' id='word_1_250' title='bbox 603 3249 658 3310; x_wconf 90' lang='lat' dir='ltr'><strong>qua</strong></span> <span class='ocrx_word' id='word_1_251' title='bbox 688 3241 766 3291; x_wconf 90' lang='lat' dir='ltr'><strong>totus</strong></span> <span class='ocrx_word' id='word_1_252' title='bbox 793 3232 867 3315; x_wconf 87' lang='lat' dir='ltr'><strong>liber</strong></span> <span class='ocrx_word' id='word_1_253' title='bbox 889 3234 996 3291; x_wconf 88' lang='lat' dir='ltr'><strong>ceteris</strong></span> <span class='ocrx_word' id='word_1_254' title='bbox 1022 3251 1154 3293; x_wconf 88' lang='lat' dir='ltr'><strong>mensura</strong></span> <span class='ocrx_word' id='word_1_255' title='bbox 1183 3254 1240 3295; x_wconf 91' lang='lat' dir='ltr'><strong>non</strong></span> <span class='ocrx_word' id='word_1_256' title='bbox 1268 3239 1366 3317; x_wconf 89' lang='lat' dir='ltr'><strong>dispar</strong></span> 
     </span>
     <span class='ocr_line' id='line_1_28' title="bbox 266 3335 1364 3415; baseline 0.009 -22"><span class='ocrx_word' id='word_1_257' title='bbox 266 3335 435 3413; x_wconf 83' lang='lat' dir='ltr'><strong>expleatur,</strong></span> <span class='ocrx_word' id='word_1_258' title='bbox 460 3339 568 3413; x_wconf 89' lang='lat' dir='ltr'><strong>poterit</strong></span> <span class='ocrx_word' id='word_1_259' title='bbox 585 3337 635 3396; x_wconf 83' lang='lat' dir='ltr'><strong>ille</strong></span> <span class='ocrx_word' id='word_1_260' title='bbox 653 3340 681 3396; x_wconf 83' lang='lat' dir='ltr'><strong>In</strong></span> <span class='ocrx_word' id='word_1_261' title='bbox 696 3337 771 3396; x_wconf 90' lang='lat' dir='ltr'><strong>buno</strong></span> <span class='ocrx_word' id='word_1_262' title='bbox 791 3335 894 3395; x_wconf 90' lang='lat' dir='ltr'><strong>librum</strong></span> <span class='ocrx_word' id='word_1_263' title='bbox 916 3339 1024 3396; x_wconf 79' lang='lat' dir='ltr'><strong>initIum</strong></span> <span class='ocrx_word' id='word_1_264' title='bbox 1044 3339 1158 3415; x_wconf 90' lang='lat' dir='ltr'><strong>quidem</strong></span> <span class='ocrx_word' id='word_1_265' title='bbox 1177 3360 1272 3400; x_wconf 89' lang='lat' dir='ltr'><strong>rerum</strong></span> <span class='ocrx_word' id='word_1_266' title='bbox 1291 3344 1364 3403; x_wconf 86' lang='lat' dir='ltr'><strong>Han-</strong></span> 
     </span>
     <span class='ocr_line' id='line_1_29' title="bbox 265 3437 1365 3527; baseline 0.007 -29"><span class='ocrx_word' id='word_1_267' title='bbox 265 3439 367 3499; x_wconf 86' lang='lat' dir='ltr'><strong>nibalis</strong></span> <span class='ocrx_word' id='word_1_268' title='bbox 389 3441 536 3517; x_wconf 82' lang='lat' dir='ltr'><strong>relegare.</strong></span> <span class='ocrx_word' id='word_1_269' title='bbox 588 3437 640 3499; x_wconf 86' lang='lat' dir='ltr'><strong>Cui</strong></span> <span class='ocrx_word' id='word_1_270' title='bbox 662 3443 704 3499; x_wconf 90' lang='lat' dir='ltr'><strong>rei</strong></span> <span class='ocrx_word' id='word_1_271' title='bbox 727 3442 800 3500; x_wconf 85' lang='lat' dir='ltr'><strong>inira</strong></span> <span class='ocrx_word' id='word_1_272' title='bbox 823 3441 974 3518; x_wconf 90' lang='lat' dir='ltr'><strong>adparebit</strong></span> <span class='ocrx_word' id='word_1_273' title='bbox 997 3445 1118 3520; x_wconf 89' lang='lat' dir='ltr'><strong>proximi</strong></span> <span class='ocrx_word' id='word_1_274' title='bbox 1140 3443 1206 3503; x_wconf 94' lang='lat' dir='ltr'><strong>libri</strong></span> <span class='ocrx_word' id='word_1_275' title='bbox 1228 3447 1365 3527; x_wconf 88' lang='lat' dir='ltr'><strong>reliquias</strong></span> 
     </span>
    </p>
   </div>
   <div class='ocr_carea' id='block_1_5' title="bbox 265 3533 1482 3625">
    <p class='ocr_par' dir='ltr' id='par_1_7' title="bbox 265 3533 1482 3625">
     <span class='ocr_line' id='line_1_30' title="bbox 265 3533 1482 3625; baseline 0.007 -22"><span class='ocrx_word' id='word_1_276' title='bbox 265 3563 323 3603; x_wconf 91' lang='lat' dir='ltr'><strong>non</strong></span> <span class='ocrx_word' id='word_1_277' title='bbox 343 3543 478 3603; x_wconf 87' lang='lat' dir='ltr'><strong>obstare:</strong></span> <span class='ocrx_word' id='word_1_278' title='bbox 498 3563 562 3603; x_wconf 89' lang='lat' dir='ltr'><strong>nam</strong></span> <span class='ocrx_word' id='word_1_279' title='bbox 582 3544 659 3622; x_wconf 90' lang='lat' dir='ltr'><strong>quod</strong></span> <span class='ocrx_word' id='word_1_280' title='bbox 682 3545 721 3603; x_wconf 92' lang='lat' dir='ltr'><strong>ibi</strong></span> <span class='ocrx_word' id='word_1_281' title='bbox 743 3546 863 3621; x_wconf 83' lang='lat' dir='ltr'><strong>prImum</strong></span> <span class='ocrx_word' id='word_1_282' title='bbox 885 3549 970 3622; x_wconf 88' lang='lat' dir='ltr'><strong>posui</strong></span> <span class='ocrx_word' id='word_1_283' title='bbox 988 3551 1076 3607; x_wconf 85' lang='lat' dir='ltr'><strong>Poeni</strong></span> <span class='ocrx_word' id='word_1_284' title='bbox 1092 3555 1225 3625; x_wconf 67' lang='lat' dir='ltr'><strong>etmendia</strong></span> <span class='ocrx_word' id='word_1_285' title='bbox 1244 3557 1367 3625; x_wconf 85' lang='lat' dir='ltr'><strong>pendunt</strong></span> <span class='ocrx_word' id='word_1_286' title='bbox 1481 3533 1482 3538; x_wconf 8' lang='grc' dir='ltr'>ἵ</span> 
     </span>
    </p>
   </div>
   <div class='ocr_carea' id='block_1_6' title="bbox 264 3645 1367 4352">
    <p class='ocr_par' dir='ltr' id='par_1_8' title="bbox 264 3645 1367 4352">
     <span class='ocr_line' id='line_1_31' title="bbox 265 3645 1365 3734; baseline 0.005 -25"><span class='ocrx_word' id='word_1_287' title='bbox 265 3649 367 3709; x_wconf 90' lang='lat' dir='ltr'><strong>incerti</strong></span> <span class='ocrx_word' id='word_1_288' title='bbox 394 3649 514 3707; x_wconf 91' lang='lat' dir='ltr'><strong>nominis</strong></span> <span class='ocrx_word' id='word_1_289' title='bbox 541 3657 595 3707; x_wconf 89' lang='lat' dir='ltr'><strong>est.</strong></span> <span class='ocrx_word' id='word_1_290' title='bbox 650 3645 758 3708; x_wconf 83' lang='lat' dir='ltr'><strong>Contra</strong></span> <span class='ocrx_word' id='word_1_291' title='bbox 784 3650 978 3709; x_wconf 87' lang='lat' dir='ltr'><strong>commendari</strong></span> <span class='ocrx_word' id='word_1_292' title='bbox 1006 3669 1041 3709; x_wconf 87' lang='lat' dir='ltr'><strong>ea</strong></span> <span class='ocrx_word' id='word_1_293' title='bbox 1066 3653 1140 3711; x_wconf 87' lang='lat' dir='ltr'><strong>ratio</strong></span> <span class='ocrx_word' id='word_1_294' title='bbox 1167 3655 1226 3713; x_wconf 91' lang='lat' dir='ltr'><strong>leui</strong></span> <span class='ocrx_word' id='word_1_295' title='bbox 1252 3659 1365 3734; x_wconf 86' lang='lat' dir='ltr'><strong>septimi</strong></span> 
     </span>
     <span class='ocr_line' id='line_1_32' title="bbox 265 3734 1365 3835; baseline 0.005 -21"><span class='ocrx_word' id='word_1_296' title='bbox 265 3755 332 3814; x_wconf 92' lang='lat' dir='ltr'><strong>libri</strong></span> <span class='ocrx_word' id='word_1_297' title='bbox 353 3755 476 3830; x_wconf 85' lang='lat' dir='ltr'><strong>uestigio</strong></span> <span class='ocrx_word' id='word_1_298' title='bbox 499 3754 629 3813; x_wconf 88' lang='lat' dir='ltr'><strong>uidetur:</strong></span> <span class='ocrx_word' id='word_1_299' title='bbox 652 3770 726 3830; x_wconf 88' lang='lat' dir='ltr'><strong>quos</strong></span> <span class='ocrx_word' id='word_1_300' title='bbox 747 3755 822 3811; x_wconf 91' lang='lat' dir='ltr'><strong>enirn</strong></span> <span class='ocrx_word' id='word_1_301' title='bbox 848 3734 936 3832; x_wconf 68' lang='lat' dir='ltr'><strong>potita</strong></span> <span class='ocrx_word' id='word_1_302' title='bbox 956 3754 991 3812; x_wconf 87' lang='lat' dir='ltr'><strong>fr.</strong></span> <span class='ocrx_word' id='word_1_303' title='bbox 1008 3753 1076 3813; x_wconf 93' lang='lat' dir='ltr'>XIII</span> <span class='ocrx_word' id='word_1_304' title='bbox 1101 3756 1231 3817; x_wconf 75' lang='lat' dir='ltr'><strong>‘habiIes</strong></span> <span class='ocrx_word' id='word_1_305' title='bbox 1252 3760 1365 3835; x_wconf 88' lang='lat' dir='ltr'><strong>gladios</strong></span> 
     </span>
     <span class='ocr_line' id='line_1_33' title="bbox 266 3839 1365 3939; baseline 0.003 -21"><span class='ocrx_word' id='word_1_306' title='bbox 266 3859 315 3918; x_wconf 87' lang='lat' dir='ltr'><strong>iilo</strong></span> <span class='ocrx_word' id='word_1_307' title='bbox 338 3858 517 3934; x_wconf 88' lang='lat' dir='ltr'><strong>gracilento&#39;</strong></span> <span class='ocrx_word' id='word_1_308' title='bbox 541 3860 624 3933; x_wconf 87' lang='lat' dir='ltr'><strong>dicit,</strong></span> <span class='ocrx_word' id='word_1_309' title='bbox 649 3859 675 3915; x_wconf 92' lang='lat' dir='ltr'><strong>ei</strong></span> <span class='ocrx_word' id='word_1_310' title='bbox 697 3859 797 3915; x_wconf 86' lang='lat' dir='ltr'><strong>nescio</strong></span> <span class='ocrx_word' id='word_1_311' title='bbox 821 3839 856 3915; x_wconf 73' lang='lat' dir='ltr'><strong>dn</strong></span> <span class='ocrx_word' id='word_1_312' title='bbox 877 3857 1068 3936; x_wconf 87' lang='lat' dir='ltr'><strong>Hispanorum</strong></span> <span class='ocrx_word' id='word_1_313' title='bbox 1091 3861 1162 3935; x_wconf 83' lang='lat' dir='ltr'><strong>sint,</strong></span> <span class='ocrx_word' id='word_1_314' title='bbox 1186 3861 1223 3920; x_wconf 88' lang='lat' dir='ltr'><strong>de</strong></span> <span class='ocrx_word' id='word_1_315' title='bbox 1246 3880 1365 3939; x_wconf 90' lang='lat' dir='ltr'><strong>quorum</strong></span> 
     </span>
     <span class='ocr_line' id='line_1_34' title="bbox 266 3959 1366 4041; baseline 0.002 -18"><span class='ocrx_word' id='word_1_316' title='bbox 266 3972 406 4023; x_wconf 86' lang='lat' dir='ltr'><strong>armatura</strong></span> <span class='ocrx_word' id='word_1_317' title='bbox 434 3962 530 4020; x_wconf 87' lang='lat' dir='ltr'><strong>Liuius</strong></span> <span class='ocrx_word' id='word_1_318' title='bbox 555 3959 684 4018; x_wconf 88' lang='lat' dir='ltr'>v1110:</span> <span class='ocrx_word' id='word_1_319' title='bbox 728 3964 856 4035; x_wconf 82' lang='lat' dir='ltr'><strong>Hispano</strong></span> <span class='ocrx_word' id='word_1_320' title='bbox 884 3967 1000 4038; x_wconf 80' lang='lat' dir='ltr'><strong>cingitur</strong></span> <span class='ocrx_word' id='word_1_321' title='bbox 1026 3968 1116 4038; x_wconf 81' lang='lat' dir='ltr'><strong>plodio</strong></span> <span class='ocrx_word' id='word_1_322' title='bbox 1143 3969 1183 4022; x_wconf 87' lang='lat' dir='ltr'><strong>ud</strong></span> <span class='ocrx_word' id='word_1_323' title='bbox 1206 3973 1366 4041; x_wconf 86' lang='lat' dir='ltr'><strong>propiorem</strong></span> 
     </span>
     <span class='ocr_line' id='line_1_35' title="bbox 265 4060 1365 4144; baseline 0.002 -19"><span class='ocrx_word' id='word_1_324' title='bbox 265 4072 350 4125; x_wconf 81' lang='lat' dir='ltr'><strong>habili</strong></span> <span class='ocrx_word' id='word_1_325' title='bbox 363 4087 506 4142; x_wconf 77' lang='lat' dir='ltr'><strong>pugnam,</strong></span> <span class='ocrx_word' id='word_1_326' title='bbox 527 4074 556 4124; x_wconf 92' lang='lat' dir='ltr'><strong>et</strong></span> <span class='ocrx_word' id='word_1_327' title='bbox 574 4060 656 4122; x_wconf 94' lang='lat' dir='ltr'>XXII</span> <span class='ocrx_word' id='word_1_328' title='bbox 672 4063 729 4123; x_wconf 82' lang='lat'><strong>46:</strong></span> <span class='ocrx_word' id='word_1_329' title='bbox 752 4069 837 4123; x_wconf 81' lang='lat' dir='ltr'><strong>Gallis</strong></span> <span class='ocrx_word' id='word_1_330' title='bbox 858 4068 1045 4142; x_wconf 81' lang='lat' dir='ltr'><strong>Hispanisque</strong></span> <span class='ocrx_word' id='word_1_331' title='bbox 1065 4079 1143 4127; x_wconf 85' lang='lat' dir='ltr'><strong>scuta</strong></span> <span class='ocrx_word' id='word_1_332' title='bbox 1165 4073 1283 4128; x_wconf 70' lang='lat' dir='ltr'><strong>mundent</strong></span> <span class='ocrx_word' id='word_1_333' title='bbox 1304 4075 1365 4144; x_wconf 85' lang='lat' dir='ltr'><strong>for-</strong></span> 
     </span>
     <span class='ocr_line' id='line_1_36' title="bbox 265 4155 1367 4248; baseline 0.003 -20"><span class='ocrx_word' id='word_1_334' title='bbox 265 4189 327 4228; x_wconf 81' lang='lat' dir='ltr'><strong>mae</strong></span> <span class='ocrx_word' id='word_1_335' title='bbox 348 4175 411 4244; x_wconf 86' lang='lat' dir='ltr'><strong>sere</strong></span> <span class='ocrx_word' id='word_1_336' title='bbox 431 4178 524 4241; x_wconf 83' lang='lat' dir='ltr'><strong>erant,</strong></span> <span class='ocrx_word' id='word_1_337' title='bbox 548 4172 732 4241; x_wconf 73' lang='lat' dir='ltr'><strong>disparatae</strong></span> <span class='ocrx_word' id='word_1_338' title='bbox 756 4172 898 4227; x_wconf 68' lang='lat' dir='ltr'><strong>dmumiles</strong></span> <span class='ocrx_word' id='word_1_339' title='bbox 921 4177 1019 4246; x_wconf 80' lang='lat' dir='ltr'><strong>gladii,</strong></span> <span class='ocrx_word' id='word_1_340' title='bbox 1049 4177 1135 4232; x_wconf 81' lang='lat' dir='ltr'><strong>Gallis</strong></span> <span class='ocrx_word' id='word_1_341' title='bbox 1155 4155 1306 4248; x_wconf 60' lang='lat' dir='ltr'><strong>praelongi</strong></span> <span class='ocrx_word' id='word_1_342' title='bbox 1332 4193 1367 4232; x_wconf 88' lang='lat' dir='ltr'><strong>oe</strong></span> 
     </span>
     <span class='ocr_line' id='line_1_37' title="bbox 264 4265 1365 4352; baseline 0.003 -18"><span class='ocrx_word' id='word_1_343' title='bbox 264 4279 323 4334; x_wconf 76' lang='lat' dir='ltr'><strong>tine</strong></span> <span class='ocrx_word' id='word_1_344' title='bbox 343 4276 531 4345; x_wconf 82' lang='lat' dir='ltr'><strong>mucronibus,</strong></span> <span class='ocrx_word' id='word_1_345' title='bbox 554 4275 682 4348; x_wconf 70' lang='lat' dir='ltr'><strong>Hispano</strong></span> <span class='ocrx_word' id='word_1_346' title='bbox 697 4277 823 4346; x_wconf 86' lang='lat' dir='ltr'><strong>punctim</strong></span> <span class='ocrx_word' id='word_1_347' title='bbox 843 4281 930 4350; x_wconf 73' lang='lat' dir='ltr'><strong>inopis</strong></span> <span class='ocrx_word' id='word_1_348' title='bbox 957 4297 1040 4351; x_wconf 82' lang='lat' dir='ltr'><strong>quom</strong></span> <span class='ocrx_word' id='word_1_349' title='bbox 1061 4284 1163 4336; x_wconf 82' lang='lat' dir='ltr'><strong>enesim</strong></span> <span class='ocrx_word' id='word_1_350' title='bbox 1184 4281 1295 4336; x_wconf 85' lang='lat' dir='ltr'><strong>adsueto</strong></span> <span class='ocrx_word' id='word_1_351' title='bbox 1311 4265 1365 4352; x_wconf 83' lang='lat' dir='ltr'><strong>pe-</strong></span> 
     </span>
    </p>
   </div>
   <div class='ocr_carea' id='block_1_7' title="bbox 0 0 1498 5028">
    <p class='ocr_par' dir='ltr' id='par_1_9' title="bbox 0 0 1498 5028">
     <span class='ocr_line' id='line_1_38' title="bbox 0 0 1498 5028; baseline 0 0"><span class='ocrx_word' id='word_1_352' title='bbox 0 0 1498 5028; x_wconf 95' lang='lat' dir='ltr'><strong> </strong></span> 
     </span>
    </p>
   </div>
  </div>
 </body>
</html>
