2984 5048
630 463 986 521 Tuuuouorultvu

758 631 868 702 XVIII

359 817 801 838 ........
855 766 1073 860 imprimitque
1103 767 1215 860 genae
1239 790 1397 860 genam.
1466 841 1467 886 ἶ

772 901 850 972 XIX

359 1016 466 1118 [Nam]
497 1023 660 1092 flammam
690 1022 824 1114 sapiens
853 1022 987 1138 facilius⁸
1005 1021 1064 1094 dre
1086 1022 1119 1092 in
1141 1024 1286 1092 ardente
1313 1023 1396 1114 ’ὁρ-
1466 987 1467 994 ¹

360 1224 464 1309 Quam
488 1225 575 1296 bone
597 1225 683 1295 dIcta
703 1226 823 1295 teneat.
895 1128 1004 1216 prlmlt

780 1360 844 1430 XX

358 1489 427 1575 Eu,
451 1491 525 1560 me'a
547 1490 673 1583 puella,
698 1513 717 1560 e
739 1489 800 1582 spe
823 1489 954 1582 quidem
977 1491 1010 1560 id
1032 1491 1194 1562 successit
1215 1491 1290 1561 tibi.

771 1626 849 1696 XXI
951 1627 953 1634 '

267 1750 329 1811 440
815 1744 889 1814 aeui
910 1744 1032 1837 integri

765 1879 857 1950 XXII

672 2015 783 2107 angue
805 2013 920 2085 uillosi
940 2014 1030 2086 canis

758 2150 864 2220 XXIII

672 2285 761 2356 ferro
784 2284 908 2356 foedati
929 2285 1044 2354 iacent.

291 2531 372 2581 XVIII
386 2531 492 2582 Seruius
508 2535 533 2582 in
549 2535 612 2583 Aen.
628 2533 663 2582 VI
680 2533 731 2585 686
750 2535 877 2600 ‘genis,
891 2535 1036 2600 palpebris:
1053 2533 1149 2582 Ennius
1166 2531 1198 2582 de
1212 2532 1373 2581 dormiente:

258 2602 443 2666 imprimitque’
462 2618 483 2652 e.
502 2618 526 2664 q.
545 2619 567 2655 s.
637 2602 699 2652 XIX
718 2603 806 2653 Cicero
824 2604 856 2652 de
876 2613 938 2654 oret.
958 2606 1040 2668 1154,
1060 2605 1111 2653 222
1130 2601 1212 2664 ‘quod
1231 2608 1270 2651 est
1288 2601 1373 2651 homi-

257 2671 333 2719 nibus
346 2670 436 2720 locetis
454 2677 479 2719 et
496 2669 627 2721 dicacibus
646 2671 843 2732 dilticillimrun,
863 2672 957 2722 habere
976 2673 1106 2723 hominum
1124 2672 1247 2720 rationem
1265 2677 1289 2720 et
1306 2678 1372 2720 tem-

257 2754 348 2803 porum
367 2746 391 2788 et
411 2753 441 2788 ea
460 2754 524 2801 quse
541 2748 686 2798 occurrunt,
714 2755 772 2789 cum
790 2741 933 2792 salsissime
953 2743 1004 2792 dici
1023 2743 1134 2807 possint,
1153 2748 1246 2789 tenere.
1282 2741 1370 2802 ltaque

257 2806 387 2856 nonnulli
405 2808 509 2858 ridiculi
533 2808 649 2860 homines
672 2809 721 2860 hoc
739 2811 825 2874 ipsum
842 2824 892 2859 non
918 2811 1016 2861 insulse
1037 2812 1240 2876 interpretantur.
1278 2811 1370 2858 Dicere

257 2878 325 2926 enim
344 2877 415 2926 aiunt
433 2877 558 2936 Ennium,
578 2879 737 2928 flammam
754 2895 770 2927 a
787 2881 938 2944 sapiente
956 2878 1097 2931 facilius
1117 2893 1169 2927 ore
1186 2880 1216 2926 in
1234 2877 1368 2928 ardente

258 2945 414 3010 opprimi,
437 2961 527 3007 quam
549 2947 573 2996 b.
600 2948 625 3000 d.
650 2956 680 2995 t.:
709 2948 772 2997 hoec
795 2949 893 2998 seilicet
916 2950 983 2999 bone
1007 2949 1089 3008 dictu,
1117 2961 1183 3009 quae
1206 2946 1275 2998 sulse
1297 2948 1366 3000 sint)

258 3012 407 3071 (Ennium
428 3029 479 3065 om.
498 3015 574 3064 Voss.
592 3015 665 3066 LeId.
686 3015 796 3066 dicere
815 3019 897 3067 enirn
914 3027 965 3068 aut
984 3018 1090 3084 pienti
1109 3015 1246 3066 lucilius
1263 3017 1364 3066 AbrInc.

258 3084 312 3132 uri.
327 3099 356 3142 a,
374 3081 423 3131 nisi
438 3085 507 3146 quod
520 3085 546 3132 in
560 3084 610 3134 hoc
626 3086 679 3134 aiu
688 3091 720 3132 ut
732 3088 932 3151 superscriptum
944 3095 982 3137 est
994 3101 1071 3152 super
1082 3083 1154 3148 aut)
1224 3085 1273 3134 XX
1287 3089 1365 3136 Varro

258 3153 290 3202 de
305 3153 334 3204 L.
351 3151 380 3201 L.
393 3153 439 3200 Vll
458 3152 493 3204 93
511 3154 544 3204 Μ.
566 3158 666 3204 ‘euax
684 3154 791 3204 uerbum
812 3154 876 3205 nibil
892 3156 1033 3220 significet,
1052 3155 1098 3205 sed
1114 3154 1249 3205 effutitium
1268 3162 1365 3204 natura-

258 3221 317 3271 liter
336 3228 390 3280 est,
408 3229 436 3270 ut
450 3223 520 3288 apud
532 3222 641 3272 Ennium
659 3221 785 3287 [Hectoris
800 3223 885 3276 Lustr.
901 3224 933 3273 ir.
949 3223 1022 3290 Vll]:
1042 3224 1112 3289 apud
1125 3225 1247 3273 Ennium:
1267 3241 1297 3274 eu
1309 3240 1365 3273 mea

257 3292 293 3354 p.¹
322 3306 390 3352 eq.
414 3306 434 3340 s.
472 3292 556 3358 ‘apud
579 3292 748 3357 Pompilium:
779 3291 842 3341 hen'
866 3309 890 3345 e.
914 3308 937 3355 q.
963 3310 985 3345 s.
1023 3293 1197 3356 (Naeuium
1222 3294 1279 3344 cod.
1301 3291 1331 3356 B)

294 3359 354 3408 XXI
373 3358 479 3409 Seruius
497 3362 523 3409 in
542 3363 607 3413 Aen,
627 3361 662 3410 IX
676 3361 728 3411 255
748 3362 895 3426 ‘integer
915 3365 1006 3422 aeui,
1025 3362 1116 3428 integri
1136 3362 1207 3421 seui,
1225 3364 1243 3414 i.
1264 3379 1287 3412 e.
1305 3363 1365 3412 udu-

260 3427 373 3490 leseens‚
395 3430 435 3475 cui
454 3436 524 3478 aetas
540 3432 640 3493 integra
658 3444 735 3493 super
751 3437 797 3478 est.
826 3431 900 3480 Vnde
910 3431 1007 3481 Ennius
1025 3432 1100 3481 deos
1119 3432 1194 3479 aeui
1214 3433 1363 3495 integros

260 3495 335 3556 dicit,
355 3497 448 3558 quibus
468 3498 575 3548 multum
595 3499 652 3547 aeui
669 3513 747 3563 super
765 3499 821 3550 est.'
892 3499 965 3549 XXII
984 3503 1049 3549 Acro
1068 3502 1094 3549 in
1107 3500 1167 3554 Hor.
1182 3498 1309 3550 Carmlll
1325 3501 1364 3560 ll,

261 3564 293 3614 18
313 3564 443 3614 ‘muniunt
461 3581 558 3632 ungues
574 3575 650 3633 caput
669 3567 736 3616 eius:
761 3575 787 3615 ut
806 3568 841 3616 ait
858 3567 969 3618 Ennius:
992 3570 1087 3634 ungue'
1107 3585 1128 3618 e.
1148 3585 1173 3631 q.
1194 3585 1215 3618 s.
1285 3569 1364 3618 XXIII

258 3633 364 3684 Seruius
382 3634 408 3683 in
428 3635 491 3684 Aen.
511 3637 614 3686 111241
636 3636 787 3687 ‘foedare
805 3644 945 3687 cruentare.
981 3639 1093 3688 Ennius:
1113 3637 1191 3688 terro'
1213 3655 1235 3690 e.
1256 3654 1280 3701 q.
1300 3655 1320 3691 s.

343 3879 396 3934 436
417 3891 470 3946 que
490 3874 612 3947 fortasse
634 3878 777 3932 delendum
799 3883 891 3934 censet
913 3879 944 3935 0.
963 3878 1127 3936 Ribbeelcius
1231 3882 1283 3937 437
1303 3897 1364 3935 nam

261 3962 290 4018 0.
309 3959 488 4028 Ridiculus,
512 3961 559 4031 qui
576 3961 739 4016 indt'rectam
754 3979 810 4033 qua
833 3963 928 4020 Cicero
945 3966 1029 4018 utitur
1048 3966 1197 4019 orationem
1213 3965 1242 4018 in
1258 3979 1363 4020 uersum

258 4047 346 4115 coepit
427 4047 481 4102 439
496 4059 531 4097 eu
548 4043 579 4099 0.
591 4043 765 4101 Riooecluus.
782 4045 838 4100 hau
853 4048 922 4102 Par.
935 4048 960 4102 tr.
979 4047 1036 4102 heu
1050 4050 1143 4102 cotem.
1159 4047 1232 4102 eheu
1246 4049 1322 4120 culpo

301 4144 317 4181 e
339 4144 389 4197 spe
414 4126 446 4184 0.
463 4127 639 4184 Ribbeclciuu
662 4146 713 4200 spe
739 4131 818 4185 Flor.
841 4131 919 4187 Goth.
935 4131 1007 4186 Par.
1024 4149 1052 4186 α.
1074 4148 1160 4202 saepe
1180 4132 1275 4188 Hauc.
1300 4149 1361 4202 sepe

257 4212 327 4267 Par.
343 4211 370 4265 d.
463 4212 601 4268 successit
622 4212 652 4268 0.
663 4212 823 4271 Muellerus.
846 4217 987 4271 succensit
1009 4215 1086 4273 Goth.
1103 4215 1201 4272 Haun-
1222 4223 1362 4272 succenset

257 4295 337 4350 Flor.
351 4295 423 4350 Par.
442 4312 470 4350 a.
486 4312 639 4352 succenses
656 4297 728 4353 Par.
742 4298 757 4352 b
