2984 5032
488 431 714 487 ENNIANAE
1115 441 1159 486 LV

94 609 137 650 uc.
167 591 228 650 sed.
252 589 337 669 XLI)
360 592 570 669 praedicaret’.
616 592 831 652 Freinshemius
856 591 1005 671 Supplem.
1029 593 1099 652 Liuii
1120 591 1161 652 III

93 703 111 753 i:
136 695 172 755 ci.
194 695 244 756 45.

508 862 634 924 GAPVT
656 863 696 922 1v

140 1029 207 1087 Res
228 1028 381 1088 Punicas
400 1030 509 1090 Ennius
525 1031 616 1090 tribus
632 1031 732 1106 libris,
753 1032 807 1090 nisi
822 1048 868 1089 me
883 1030 958 1090 iallit
974 1032 1089 1108 opinio,
1108 1033 1158 1092 ab·

93 1133 160 1208 init,
190 1151 310 1210 quorum
340 1153 424 1194 unum
449 1137 608 1214 imprimo,
639 1136 712 1195 dnos
736 1146 869 1196 octauum
890 1144 920 1194 et
938 1153 1044 1195 nonum
1062 1138 1090 1195 in
1112 1155 1158 1196 se·

93 1239 148 1297 ndo
180 1238 260 1297 bello
292 1241 432 1316 inpendit.
476 1241 580 1319 Neque
610 1242 684 1300 enim
716 1243 836 1320 primum
866 1240 974 1300 bellum
1008 1242 1158 1318 praeteriit

92 1345 185 1418 mino,
222 1351 252 1403 ut
281 1362 339 1403 non
367 1348 459 1423 potuit
488 1355 556 1424 apte
581 1355 637 1404 tam
671 1347 794 1424 amplam
826 1355 981 1424 tantaeque
1008 1346 1159 1422 grauitatis

92 1449 200 1507 uteriam
224 1451 387 1525 praeterire
410 1452 582 1528 praesertim
604 1452 631 1508 in
657 1453 783 1510 carmine
806 1459 968 1528 perpetuo,
1000 1450 1087 1527 quale
1111 1468 1159 1509 au·

93 1553 136 1611 les
161 1553 250 1611 inisse
280 1552 328 1611 uel
356 1571 461 1613 nomen
489 1554 594 1614 indicio
625 1564 680 1614 est.
726 1554 820 1613 Potuit
848 1555 877 1612 in
899 1555 956 1614 hoo
978 1554 1058 1614 bello
1081 1572 1158 1614 com·

91 1657 221 1715 mdicsius
250 1660 380 1734 uersari,
420 1669 451 1718 ut
479 1667 644 1737 exponeret
672 1677 720 1717 res
748 1660 918 1735 grauiores,
955 1660 1084 1719 leuiores
1111 1671 1160 1720 aut

91 1764 201 1820 ritteret
223 1770 271 1821 aut
290 1772 425 1840 quantum
444 1765 532 1824 nexui
550 1782 646 1823 rerum
668 1763 817 1822 seruiebat
836 1764 1063 1842 perstringeret:
1088 1783 1158 1844 quo·

91 1887 128 1925 rm
156 1868 183 1924 in
211 1883 247 1925 eo
276 1878 445 1944 argumento
477 1887 536 1928 non
565 1870 603 1928 ita
635 1868 723 1927 multo
752 1877 819 1927 ante
847 1871 1002 1948 operosius
1032 1869 1159 1930 Naeuius

90 1971 229 2034 aborarat.
265 1970 337 2030 Nam
356 1969 530 2032 Ciceronem
553 1992 610 2032 non
632 1982 702 2051 puto
726 1983 832 2033 tantum
853 1993 885 2034 re
904 1985 1055 2054 praestare
1070 1995 1158 2055 quan·

90 2096 111 2134 m
133 2076 225 2135 uerbo
249 2076 334 2151 dicit,
362 2096 425 2136 cum
445 2077 568 2135 Ennium
589 2077 691 2136 Naeuii
715 2096 802 2137 causa
822 2080 935 2137 ‘omma
957 2078 1035 2138 bella
1057 2097 1158 2157 perse-

90 2192 190 2241 1entem
225 2182 344 2259 primum
377 2182 447 2240 iliud
480 2182 615 2241 Punicum
646 2183 815 2241 acerrimum
849 2181 956 2241 beilum
984 2184 1158 2263 reliquiase'

90 2296 194 2346 amarat
216 2285 294 2345 Bruti
319 2287 373 2361 19,
397 2287 447 2346 76.
491 2284 579 2346 Cuius
599 2286 699 2346 uerbis
721 2289 770 2366 qui
792 2286 1000 2364 obtemperarit
1022 2297 1158 2348 accurate

92 2393 195 2449 minem
211 2391 278 2448 noui
297 2397 415 2467 praeter
425 2389 612 2451 Niebuhrium
627 2394 655 2450 in
670 2392 780 2451 scholis
796 2392 970 2450 academicis
988 2392 1023 2449 de
1039 2390 1159 2450 historia
1236 2409 1243 2418 ·

89 2515 182 2556 >mana
198 2496 211 2556 I
230 2495 281 2570 24,
299 2502 327 2552 et
340 2493 537 2573 obtemperari
555 2497 597 2554 eis
616 2505 715 2555 uetant
734 2495 809 2556 adeo
825 2495 966 2572 quaedam
981 2513 1055 2573 quae
1072 2494 1159 2554 hodie

91 2593 143 2679 pe'r
166 2609 230 2661 sunt
251 2600 422 2676 fragmenta.
462 2599 527 2659 Non
549 2601 615 2660 dico
638 2620 703 2660 cum
723 2617 840 2658 uersum
867 2615 925 2676 quo
953 2600 1015 2657 sine
1038 2599 1103 2658 libri
1124 2618 1159 2659 ac

89 2715 161 2765 »erae
177 2705 284 2765 indicio
302 2702 408 2763 Cicero
427 2704 463 2762 de
479 2705 536 2764 inu.
552 2704 564 2763 I
582 2705 635 2781 19,
652 2705 693 2764 27
716 2707 817 2764 utitur:
840 2707 948 2778 Appius
965 2707 1067 2762 inda'ccit
1080 2705 1158 2761 Kar-

89 2814 265 2887 zpiniensibuo
279 2814 376 2867 bellum
394 2806 489 2885 (IV),
512 2810 691 2887 quiquidem
708 2812 732 2868 si
751 2809 834 2867 Ennii
855 2816 970 2866 estnon
989 2817 1087 2885 potest
1103 2825 1159 2868 non

104 2917 225 2994 primum
246 2911 355 2970 bellum
375 2910 510 2971 Punicum
533 2916 691 2990 pertinere.
712 2911 757 2973 cf.
776 2912 904 2972 Zonaras
920 2899 988 2969 VIII
1008 2911 1026 2971 8
1053 2931 1082 2991 p.
1099 2911 1159 2972 132

93 3065 100 3078 .
126 3020 217 3077 Boon.
242 3015 381 3090 Polybius
412 3015 425 3075 I
454 3017 492 3074 12
524 3027 554 3076 et
581 3019 752 3096 praesertim
774 3017 870 3076 Liuius
899 3014 996 3076 XXXI
1026 3019 1050 3080 1.
1095 3019 1160 3079 Nec

89 3125 134 3181 nis
158 3121 351 3180 obdurescam
378 3129 425 3178 aut
452 3121 479 3176 in
498 3119 535 3182 ir.
558 3122 615 3199 VI,
639 3123 717 3202 quod
741 3123 795 3181 etsi
817 3139 855 3180 ex
878 3128 983 3179 octauo
1006 3122 1089 3182 Ennii
1110 3125 1158 3183 ad-

89 3239 145 3286 rtur
173 3224 306 3285 aNonio
334 3243 362 3302 p.
390 3225 465 3298 151,
493 3223 552 3300 25,
584 3229 651 3288 mihi
680 3227 796 3288 uixdum
827 3225 941 3284 dubium
971 3235 1016 3284 est
1045 3227 1113 3303 quin
1143 3245 1159 3286 a

89 3334 164 3392 eruIa
187 3329 269 3390 recte
292 3329 321 3386 in
343 3329 417 3387 hunc
445 3327 549 3387 librum
579 3329 746 3389 translatum
768 3331 819 3388 sit:
850 3337 897 3387 aut
919 3329 1002 3392 infr.
1025 3329 1159 3406 VHugii

93 3437 214 3509 aeficio,
239 3451 302 3492 cum
320 3451 336 3492 a
353 3431 504 3493 Macrohio
529 3430 589 3491 Sat.
603 3431 644 3491 VI
664 3433 676 3490 1
699 3451 728 3510 p.
748 3434 808 3494 500
825 3434 888 3492 Ian.
906 3453 923 3492 e
938 3441 1023 3493 sexto
1045 3435 1158 3509 citetur,

94 3541 120 3596 ic
147 3539 242 3598 annali
270 3539 414 3598 restituto.
459 3535 544 3609 Quod
570 3536 620 3594 iile
643 3535 757 3596 iurmare
780 3539 873 3615 potuit
894 3537 944 3596 ueI
966 3537 1023 3596 hoc
1046 3537 1159 3613 Polybii

89 3661 121 3700 co
144 3640 157 3700 I
190 3643 245 3718 19,
265 3643 300 3701 2:
326 3630 485 3720 ἆναλαβῶν
512 3640 703 3718 (Hannonem
733 3640 824 3719 dicit)
853 3634 889 3700 roi
915 3661 945 3698 τε
971 3640 1065 3719 θηρία
1093 3640 1159 3720 περὶ

89 3739 235 3823 ντήκοντα
266 3738 317 3806 τὸν
345 3735 477 3824 αριθμὸν
500 3736 570 3804 ὄντα
597 3740 647 3802 καὶ
675 3737 730 3819 τὴν
755 3735 863 3819 λοιπὴν
893 3736 1019 3818 δύναμιν
1041 3735 1160 3804 ἅπασαν

89 3853 164 3928 maipa
188 3841 265 3911 κατὰ
289 3851 424 3927 σπουδὴν
453 3847 486 3908 ἐκ
510 3850 561 3926 τῆς
580 3839 770 3926 Ἡρακλείας·
798 3845 1054 3927 παραγγείλας
1080 3851 1160 3918 τοῖς

95 3954 298 4030 ομαδικοῖς
319 3955 476 4013 ἱππεῦσι
502 3945 815 4032 προπορεύεσθαι
839 3949 890 4010 καὶ
912 3948 1098 4028 συνεγγίσασι
1118 3953 1163 4032 τῷ

89 4053 162 4136 ξρααι
183 4060 243 4118 τῶν
270 4055 411 4116 ἐναντίων
434 4054 574 4135 ἐρεθίζειν
595 4054 646 4114 καὶ
669 4059 831 4134 πειρᾶσθαι
855 4047 923 4124 τούς
944 4053 1040 4122 ἱππεῖς
1061 4044 1160 4113 αὐτῶν

89 4166 262 4221 καλεῖσθαι·
291 4155 415 4221 κᾶπειτα
435 4153 526 4218 πάλιν
547 4157 715 4220 ἐκκλίνασιν
737 4152 915 4236 ἀποχωρεῖν,
944 4151 998 4226 ἕως
1018 4145 1057 4215 ἂν
1079 4146 1161 4234 αὐτῷ

89 4265 227 4341 1μμίξωσι.
264 4264 329 4337 Quo
350 4265 429 4322 nisus
448 4281 506 4338 ego
529 4264 564 4323 ad
585 4265 693 4323 initium
711 4263 783 4322 belli
805 4261 902 4322 rettuli
919 4279 1051 4336 uersum,
1075 4279 1160 4338 quem
