2984 5032
483 465 711 522 ENNIANAE
1092 472 1153 520 LIX

88 648 116 685 re
141 632 251 701 bostem,
279 633 409 687 breuitate
435 632 540 687 habiles
566 639 593 686 et
618 649 680 688 com
701 631 884 686 mucronibus.
936 625 1016 703 Ergo
1043 629 1071 686 in
1097 627 1154 687 boc

88 734 131 790 bro
158 732 259 792 Ennius
290 733 457 792 Hannibalis
485 751 533 791 res
560 751 631 810 quas
660 734 688 790 in
711 731 848 809 Hispania
876 735 970 808 gessit
997 751 1090 810 usque
1118 733 1154 792 ad

88 839 198 896 ansitum
218 837 334 917 Alpium
356 840 504 898 cecinerit.
551 836 622 896 Nam
644 836 721 915 quod
740 836 848 913 Hugius
872 836 938 896 huic
962 837 1054 896 annali
1076 837 1154 896 bella

88 961 131 1000 rae
151 944 265 1019 primum
287 953 316 1002 ei
338 943 496 1002 secundum
517 943 653 1001 Punicum
676 943 891 1016 intercessere,
917 940 1063 1015 Illyricum
1086 940 1152 1002 Gal-

88 1065 195 1125 >umque
215 1048 322 1107 ascribi
345 1048 447 1122 uoluit,
469 1048 537 1106 mihi
560 1065 658 1124 parum
678 1045 831 1124 probabile
855 1055 899 1105 est
918 1053 1035 1123 poetam
1057 1065 1153 1104 rerum

88 1154 217 1211 micarum
238 1153 391 1212 decursum
410 1154 615 1230 interrupisse,
638 1153 686 1230 qni
706 1151 820 1228 quidem
840 1158 923 1226 gesta
944 1149 1068 1228 Phi-lippi
1087 1168 1154 1227 per·

88 1258 180 1316 aetatis
203 1257 314 1316 demum
337 1256 394 1314 illis
418 1257 504 1315 bellis
529 1275 584 1316 uno
609 1267 712 1316 tenore
736 1256 905 1315 deducenda
927 1255 1087 1314 incohauit:
1112 1263 1154 1315 in·

88 1382 114 1419 oe
138 1365 217 1420 Mosa
244 1383 328 1422 manu
359 1368 548 1440 Romanorum
575 1368 758 1437 induperator
787 1365 868 1432 Quod
893 1367 1006 1437 quisque
1031 1366 1060 1419 in
1087 1365 1155 1420 betto

88 1473 135 1525 soit
152 1487 210 1526 cum
230 1487 296 1544 repe
313 1471 443 1542 Philippo
467 1465 509 1543 (X
527 1466 562 1523 lr.
575 1465 614 1545 l).
660 1465 817 1524 Praeterea
840 1483 943 1523 uersus
967 1464 1069 1541 quibus
1096 1462 1153 1521 llu-

88 1591 118 1630 us
140 1572 271 1630 tumultus
286 1569 415 1630 Gallicos
436 1570 592 1646 significari
605 1571 719 1644 statuit,
742 1587 796 1626 nos
816 1566 851 1626 ad
873 1575 1003 1645 quartum
1021 1567 1153 1626 annalem

89 1677 243 1753 legauimus
268 1677 319 1753 (ir.
335 1675 408 1755 v1);
443 1677 517 1735 alter
538 1685 649 1750 autem,
683 1693 741 1752 quo
764 1674 854 1748 Illyrii
877 1673 1057 1731 nominantur
1079 1673 1151 1749 (inc.

89 1782 114 1839 d.
143 1780 263 1860 XLIV),
297 1791 415 1860 praeter
439 1781 644 1840 necessitatem
670 1780 705 1839 ad
735 1781 826 1856 ipsum
852 1778 960 1837 bellum
990 1776 1152 1852 lllyriorum

88 1888 191 1960 fertur,
222 1889 270 1964 qui
294 1905 357 1945 cum
380 1885 448 1945 alibi
475 1895 533 1944 tum
560 1885 588 1942 in
615 1884 696 1944 bello
719 1884 910 1943 lllaeedonico
934 1881 1035 1942 haberi
1062 1885 1154 1961 potuit

91 1991 128 2048 m.
151 1990 230 2049 mun
252 1988 349 2049 xxxi
366 1991 415 2050 34.
433 1989 483 2050 35.
498 1990 548 2049 40.
830 1969 833 1974 ’

136 2094 255 2153 Restant
282 2097 393 2173 aliquot
423 2105 451 2154 ei
478 2095 578 2172 plures
606 2093 721 2170 quidem
744 2109 829 2169 qnam
852 2093 916 2168 ipse
944 2093 1050 2152 uellem
1074 2095 1152 2152 citati

107 2198 162 2256 boc
184 2197 259 2257 libro
278 2217 393 2273 uersus,
416 2216 489 2276 quos
511 2217 574 2259 cum
590 2199 617 2256 in
636 2205 716 2256 certa
736 2195 807 2254 sede
829 2196 986 2255 conlocare
1009 2213 1065 2254 non
1085 2215 1153 2275 pos-

88 2323 129 2377 m,
160 2321 175 2362 a
204 2304 311 2361 ceteris
336 2306 500 2380 segregaui.
550 2303 596 2362 De
622 2319 744 2381 quorum
766 2302 865 2377 primis
889 2301 1001 2360 duobus
1023 2307 1157 2362 mulserat

88 2429 103 2466 c
130 2427 229 2467 nouem
256 2413 424 2482 compulsam
448 2413 576 2483 fiuctibus
593 2417 697 2483 pontus
722 2404 793 2483 (Xl)
824 2413 853 2463 ei
878 2411 1040 2464 alternare
1064 2413 1154 2481 cupii:

88 2532 118 2569 or
141 2529 273 2586 pnpnarc
289 2520 422 2585 paratust
443 2511 530 2592 (Xll)
561 2513 618 2570 hoc
640 2507 774 2588 procliue
797 2517 842 2567 est
865 2508 1039 2584 intellegere
1062 2527 1153 2585 posse

88 2635 101 2673 s
123 2615 158 2674 ad
179 2615 262 2674 buius
289 2614 359 2673 belli
382 2617 537 2674 certamina
559 2613 672 2674 naualia
696 2614 862 2689 pertinere,
894 2616 1023 2690 apertius
1046 2615 1153 2690 signill-

88 2739 114 2778 re
134 2720 324 2778 occasionem
342 2737 399 2777 non
420 2720 498 2778 licet.
545 2717 655 2790 Quibus
675 2727 797 2796 possunt
817 2736 854 2776 ex
873 2720 990 2776 incertis
1006 2735 1063 2776 non
1083 2718 1154 2776 nulli

88 2824 177 2883 isdem
204 2825 323 2900 generis
353 2843 455 2884 uersus
483 2824 616 2898 adiungi:
646 2828 731 2882 briem
760 2843 876 2898 campus
897 2826 979 2881 babet
1005 2829 1153 2881 textrinum

88 2934 163 2988 uibus
185 2934 272 3005 turpis
291 2929 363 3005 (inc.
382 2929 444 3010 sed.
464 2927 557 3005 XIX),
581 2937 606 2986 ei
621 2932 715 2985 metior
734 2935 816 2986 nauis
832 2947 914 3002 quam
931 2946 1006 3002 quoe
1025 2931 1152 2984 citatorio

88 3043 137 3092 ntut
152 3031 253 3110 (XX),
276 3040 378 3109 inperiti
395 3037 473 3092 modii
486 3051 571 3092 cursu
592 3053 647 3107 quo
663 3035 785 3090 redditus
808 3043 892 3090 termo
914 3041 954 3090 est
973 3027 1089 3107 (xxi),
1114 3030 1152 3087 si·

88 3139 161 3197 idem
185 3137 261 3195 bunc
279 3145 365 3214 potita
383 3138 421 3197 de
438 3139 503 3196 naui
519 3136 638 3210 extulit,
664 3145 693 3195 et
714 3138 854 3194 bormtore
869 3139 936 3194 bono
950 3139 1035 3207 prius
1049 3153 1151 3206 quam.

88 3247 142 3301 ibus
170 3252 256 3300 termo
288 3241 412 3321 (XXll).
463 3242 648 3300 Hortatorem
677 3241 752 3298 enim
779 3239 888 3298 Ennius
916 3237 986 3296 dicit
1017 3253 1080 3292 eum
1107 3235 1154 3311 qui

88 3401 89 3405 ,
113 3348 187 3406 mari
209 3349 339 3423 remiges
362 3348 510 3406 bortatur'
541 3345 648 3422 (Plauti
672 3341 791 3403 blercat.
817 3340 912 3419 696),
941 3357 1026 3416 quem
1050 3336 1154 3398 Graeci

88 3443 202 3527 severim
225 3451 422 3528 adpellabant.
466 3451 559 3510 Etiam
581 3450 720 3508 incertior
738 3467 786 3506 res
807 3455 852 3505 est
872 3443 908 3502 de
931 3442 995 3500 bis:
1019 3447 1083 3501 dom
1098 3448 1155 3501 cta-

88 3576 105 3610 n
129 3563 240 3614 rectum
261 3565 366 3616 teneam
388 3572 542 3628 nouemque
564 3558 710 3629 puberuem
734 3549 861 3630 (XXlll)
885 3557 930 3606 et:
959 3551 1037 3606 baud
1054 3556 1155 3605 temero

95 3663 173 3732 quod
195 3669 223 3718 tu
238 3666 311 3718 tristi
326 3680 387 3718 eum
408 3662 491 3717 corde
511 3661 650 3731 pobernus
673 3655 807 3732 (XXIV).
840 3652 969 3725 Quorum
989 3650 1046 3708 boc
1064 3666 1152 3727 prop-

107 3762 278 3836 ambiguam
302 3759 481 3838 gubernandi
508 3762 654 3818 notionem
681 3777 738 3817 non
768 3755 936 3814 necessario
962 3750 997 3811 ad
1021 3769 1082 3809 rem
1104 3768 1153 3809 na·

89 3885 137 3922 em
159 3864 300 3924 refertur.
343 3864 424 3923 lllius
445 3872 540 3922 autem
562 3847 731 3922 sententiam
754 3879 809 3920 nec
832 3858 961 3916 editores
984 3854 1154 3932 superiores

88 3991 93 4025 z
117 3970 235 4045 Hugius
256 3973 479 4045 perspexerunt.
531 3965 787 4025 Adhaerescentes
807 3963 882 4019 enim
901 3959 1004 4018 lsidori
1024 3959 1152 4016 testimo·

112 4071 164 4144 qui
187 4067 288 4146 (Orig.
305 4069 376 4128 XIX
392 4067 431 4147 2)
447 4078 536 4127 totum
554 4085 670 4126 uersum
688 4068 726 4125 ita
747 4067 845 4124 citauit
867 4072 897 4122 ct
913 4068 1023 4120 clauum
1041 4079 1068 4119 e.
1082 4079 1111 4138 q.
1129 4080 1151 4119 s.

88 4166 215 4231 lc'esse
239 4172 277 4231 ie
307 4173 453 4230 exercitiis
476 4170 670 4229 Romanorum
692 4167 843 4228 naualibus
865 4167 1064 4242 depromptam
1087 4182 1152 4243 par·

88 4277 159 4336 llam
184 4276 408 4336 arbitrabantur.
458 4275 498 4333 At
522 4293 621 4334 ueram
648 4291 753 4332 uersus
775 4270 906 4348 speciem
930 4269 1058 4327 seruauit
1079 4268 1154 4327 baud
