2984 5048
562 483 564 490 ,
591 437 832 507 RELIQVIAE

733 601 749 640 tlt

227 743 237 752 -
259 708 380 780 plebes
398 708 430 777 in
448 656 602 801 hoc'regi
623 605 757 778 antixslat
776 708 867 780 loco:
895 709 971 777 lieet

262 814 460 883 Lacrumare
481 812 584 904 plebi,
603 811 679 905 re'gi
697 813 837 882 honeste
857 812 923 882 non
942 811 1030 880 licet.

732 917 786 965 μ’

260 1033 440 1127 Postquam
469 1034 529 1104 abs
554 1033 603 1121 te,
638 929 864 1127 txgllmemno,
901 1000 935 1100 ut
963 1029 1125 1114 uenirem,
1160 1029 1268 1122 tetigIt

815 1155 914 1204 aures
937 1133 1082 1218 nuntius

261 1238 445 1331 'Extemplo
468 1239 599 1311 edoldui
619 1240 766 1310 iussum:
794 1236 957 1308 concitum
976 1235 1072 1305 tetuli
1093 1235 1245 1327 gradum.

676 1357 751 1428 ΧΙΠ

636 1461 784 1532 Achilles

167 1573 232 1633 275
259 1563 528 1654 ‘Astrologorum
546 1565 644 1657 signa
663 1564 808 1635 incaelo
827 1559 966 1653 quaesit,
990 1558 1156 1643 obseruat
1180 1558 1268 1627 louis

260 1664 343 1736 Cdnt
375 1689 474 1759 capra
510 1671 566 1736 aut
601 1690 687 1760 nepa
719 1667 777 1738 arit
810 1663 958 1783 exoritur
992 1663 1102 1734 lumen
1135 1661 1268 1754 aliquod

260 1870 357 1956 Oudd
380 1875 431 1942 est
453 1873 529 1940 ante
549 1873 669 1962 pedeS,
693 1873 789 1942 nemo
808 1767 953 2043 slleldlaal:
981 1868 1063 1938 caeli
1082 1868 1270 1939 scrutantur

819 1995 949 2065 pagos
1046 2011 1050 2030 ·

156 2172 274 2237 omissis)
288 2174 348 2224 Tur.
372 2176 552 2226 subornare
566 2191 680 2242 uagam
697 2174 902 2240 iphigeniam
921 2173 1039 2240 (relicuis
1053 2168 1169 2235 omissis)
1184 2169 1269 2236 Opitz.
1284 2195 1288 2207 ι

156 2245 188 2292 in
209 2243 313 2294 altero
335 2245 407 2294 loco
429 2245 608 2294 subornare
628 2246 786 2310 Aesopum
809 2253 839 2295 et
860 2244 1020 2294 Glmbrum
1041 2243 1074 2292 in
1092 2241 1269 2308 Iphigenia

155 2320 294 2378 agentes
319 2315 595 2378 Agamemnonem
623 2323 651 2364 et
673 2313 849 2364 Menelaum
878 2323 937 2380 post
959 2313 1123 2364 Schuetzium
1143 2311 1270 2375 Bergkius

157 2383 212 2431 Ind.
239 2383 297 2432 leot.
316 2384 396 2433 Marh.
422 2391 485 2433 aest.
514 2384 581 2434 1844
603 2399 629 2449 p.
645 2384 708 2442 XV,
739 2386 782 2446 qui
805 2385 881 2434 etiam
896 2385 970 2432 Ennii
993 2383 1143 2448 Iphigeniae
1167 2393 1269 2428 uersum
1320 2420 1330 2444 s

156 2453 275 2517 ascripsit
344 2451 380 2502 XI
404 2453 573 2517 Hieronymus
595 2451 716 2518 Epitaph.
735 2451 871 2519 Nepotiani
890 2468 917 2518 p.
935 2451 1077 2516 eastrige.
1104 2449 1269 2515 ‘prudenter-

157 2537 206 2584 que
220 2521 316 2571 Ennius
336 2523 453 2588 plebes
474 2524 509 2572 ait
527 2525 558 2572 ln
573 2522 647 2570 hoo'
668 2538 690 2570 e.
709 2537 732 2584 q.
747 2537 768 2570 s.
796 2523 850 2570 IIuo
867 2522 961 2570 rettulit
971 2520 1094 2570 Columna
1163 2517 1211 2566 XII
1228 2515 1269 2566 Gi-

157 2605 215 2640 cero
236 2589 394 2641 adAtticum
409 2592 470 2640 XIII
484 2591 555 2652 47,1
574 2596 809 2656 ‘posteaquam
832 2591 887 2641 abs
907 2599 949 2650 te,
979 2591 1189 2654 Agamemno,
1219 2601 1266 2635 non

156 2667 188 2708 nt
205 2660 403 2712 uenirem...
421 2662 467 2711 sed
480 2669 507 2710 ut
522 2661 660 2710 scriberem
677 2660 797 2726 tetigit
816 2676 913 2710 eures
932 2660 1081 2716 nuntiae,
1101 2655 1268 2722 extemplo

157 2730 272 2779 instituta
290 2731 381 2790 omisi3
409 2747 518 2794 eaquae
538 2731 563 2781 in
580 2730 698 2779 manibus
714 2729 855 2790 habebam,
875 2730 970 2790 abieci;
999 2727 1085 2792 quod
1102 2727 1268 2786 iussam,

155 2799 309 2849 edolaui.'
338 2799 453 2865 (arares
479 2836 507 2848 ..
530 2801 687 2849 institute
708 2814 758 2849 om.
778 2796 862 2863 Med.)
893 2801 948 2849 Huc
968 2797 1098 2848 reuocauit
1119 2796 1270 2845 Ladewieus

159 2868 233 2918 Anal.
249 2883 318 2918 scen.
334 2885 360 2934 p.
377 2871 408 2920 lb
423 2870 489 2919 conl.
507 2869 567 2920 Eur.
582 2869 667 2935 Iphig.
681 2867 741 2920 633.
777 2868 816 2919 Gi.
833 2869 931 2919 Nonius
948 2884 974 2934 p.
990 2867 1050 2928 448,
1067 2867 1099 2916 17
1120 2865 1270 2917 ‘edolare

158 2938 288 2988 fabrorum
304 2945 342 2988 est
355 2953 445 2989 uemm
463 2939 586 2999 uerbum,
608 2955 665 2988 cum
683 2939 845 2988 materiarum
867 2937 1032 3004 conpleretur
1053 2937 1187 3002 asperitas.
1223 2935 1269 2984 Vsi

157 3016 216 3057 'sunt
232 3023 262 3058 eo
276 3007 552 3074 laudandi'scriptores
568 3009 702 3058 uetustatis
719 3009 795 3058 etiam
811 3007 844 3058 ad
858 3009 922 3059 alias
937 3007 1049 3057 lubricas
1063 3021 1156 3055 rerum.
1189 3005 1270 3054 Varro

158 3079 292 3128 Vimarco:
314 3093 371 3128 curn
386 3077 521 3144 QuIntipor
535 3079 640 3129 Clodius
657 3087 695 3128 tot
708 3080 854 3130 comoedias
869 3080 924 3129 sine
942 3078 995 3128 ulla
1010 3077 1099 3128 lecerit
1112 3075 1197 3134 Musa,
1222 3089 1270 3139 ego

157 3163 235 3198 unum
253 3148 369 3198 libellum
387 3163 437 3198 non
459 3149 601 3209 adalam,
626 3157 659 3198 ut
682 3149 729 3198 ait
748 3149 899 3198 Enniusl'
932 3147 1065 3198 Charisius
1078 3144 1114 3194 IV
1133 3160 1158 3209 p.
1175 3141 1226 3194 248
1241 3144 1269 3192 P.

158 3217 221 3285 (tue
234 3215 326 3282 Lind.)
351 3217 509 3283 ‘prosthesis
530 3227 581 3279 est,
602 3234 658 3268 cum
678 3219 777 3283 primae
789 3219 856 3284 parti
870 3217 988 3270 dictionis
1001 3225 1044 3266 aut
1061 3215 1145 3264 littera
1162 3213 1272 3262 adicitur

159 3295 200 3337 aut
214 3288 322 3353 syllaba.
350 3285 447 3339 Littera
524 3289 638 3354 syllaba,
658 3295 699 3336 ut:
720 3289 846 3337 concitum
860 3295 877 3336 t.
892 3303 918 3353 g.
938 3301 986 3352 pro
999 3285 1064 3335 tuli!
1095 3283 1233 3333 Diomedes
1248 3283 1271 3332 Il

159 3374 185 3423 p.
197 3357 249 3409 435
263 3358 292 3407 P.
312 3357 472 3424 ‘prosthesis
493 3367 531 3409 est
548 3358 676 3424 appositio
694 3358 818 3420 quaedam
837 3357 870 3406 ad
889 3357 1044 3422 principium
1063 3353 1190 3404 diotIonis.
1218 3352 1272 3402 Lit-

161 3435 228 3476 terae
297 3428 428 3492 syllabae,
447 3435 487 3476 ut:
507 3430 633 3478 concitum
648 3435 666 3477 t.
682 3444 708 3493 g.
725 3442 771 3492 pro
785 3427 850 3476 tuli.'
881 3427 934 3476 Hoc
948 3425 1098 3484 frustulum,
1121 3423 1214 3486 dequo
1228 3421 1271 3471 adi

162 3495 285 3545 Neelrium
303 3495 397 3562 Opusc.
412 3499 422 3546 I
436 3496 497 3556 350,
516 3513 566 3547 non
577 3499 662 3564 Inepte
678 3513 735 3546 oum
748 3497 924 3562 superioribus
933 3495 1059 3562 coniungi
1072 3493 1100 3544 0.
1114 3491 1272 3542 Ribbeckius

163 3565 259 3614 censuit
328 3565 388 3614 XIII
408 3565 496 3616 Cicero
510 3567 543 3616 de
556 3582 582 3617 re
596 3583 622 3632 p.
640 3567 650 3615 I
666 3565 706 3626 18,
720 3566 754 3617 30
774 3566 834 3615 ‘illa
853 3566 884 3616 de
898 3565 1035 3631 Iphigenia
1050 3563 1172 3614 Achillis:
1192 3570 1272 3612 astro-

199 3741 251 3797 271
275 3739 388 3796 antistat
404 3739 552 3807 Columna,
577 3739 615 3812 ef.
631 3737 797 3796 Bitschelt'ua
809 3738 885 3795 Mus.
896 3739 995 3812 philol.
1019 3735 1080 3794 VII
1095 3739 1148 3794 578
1162 3751 1203 3807 sq.
1222 3752 1272 3790 an—

102 3893 105 3900 ·
161 3829 243 3880 testat
262 3825 343 3896 uulpo
436 3823 553 3880 Versum
579 3829 632 3884 ata
652 3827 690 3879 itu
710 3830 740 3879 ut
762 3825 865 3896 scripsi
876 3826 1024 3897 proposuit
1046 3821 1077 3878 0.
1099 3819 1271 3884 Ribbeclciua

156 3909 285 3982 probauit
294 3907 456 3980 Medaelciua
473 3910 529 3965 uid.
546 3909 617 3966 Add.
628 3926 661 3981 p.
678 3909 710 3964 Χ
714 3907 745 3966 V.
765 3916 949 3980 posteaquam
964 3911 1014 3964 abs
1034 3908 1080 3962 ted
1097 3906 1272 3978 Agamemno
1337 3896 1342 3904 ’

161 3995 248 4066 tetIgit
262 4011 287 4049 a.
303 4011 332 4048 n.
349 3995 496 4052 Gulietmus
510 3997 538 4049 iu
554 3994 650 4051 Cistell.
668 4009 693 4048 c.
709 3997 726 4051 4
810 3997 864 4052 274
880 3995 1019 4064 extemplo
1035 3991 1148 4046 edolaui
1165 3991 1273 4045 iussum

164 4079 191 4136 0.
204 4078 369 4135 Ribbeckt'us
454 4081 505 4138 275
521 4079 631 4150 quaesit
644 4079 830 4136 Heinrueha'us.
848 4077 916 4150 quid
932 4079 967 4134 sit
982 4078 1042 4132 cod.
1061 4076 1169 4148 quaerit
1180 4050 1274 4130 Maius

162 4167 187 4218 ia
200 4165 243 4220 ed.
258 4179 314 4220 sec.
402 4171 549 4236 opseruat:
564 4163 640 4219 Iouis
651 4162 752 4219 Maiam.
768 4163 974 4219 obseruationis
985 4162 1045 4218 cod.
1132 4161 1185 4220 276
1199 4175 1273 4231 nepa

163 4247 261 4304 Mauo.
276 4251 360 4321 nlupa
375 4250 435 4306 eod.
523 4247 814 4306 lumenHeimaclu'ua.
831 4262 936 4304 numen
954 4247 1015 4303 cod.
1033 4261 1134 4301 nomeu
1149 4246 1230 4318 uulgo

203 4335 302 4389 beluae
316 4334 504 4391 Hemriehius.
519 4335 665 4390 beluarum
678 4333 740 4389 eod.
