2984 5048
576 433 817 504 nnnrovms

246 602 339 672 Neue
359 602 435 672 inde
457 599 554 670 nauis
574 599 777 671 inchoandae
800 598 972 670 exordium

246 703 437 797 Coepisset,
466 724 552 797 quae
574 725 662 773 nunc
682 703 870 775 nominatur
892 703 1023 774 nomine

248 809 364 901 Argo,
392 807 469 902 quia
486 805 608 899 Argiui
626 810 658 876 in
677 829 717 878 ea
734 806 845 876 dilecti
863 805 926 875 uiri

132 1008 191 1058 bus
206 1006 255 1058 hoc
269 1009 345 1059 modo
358 1008 428 1072 loqui
441 1023 589 1059 concessum
602 1014 653 1058 est:
675 1004 856 1072 [aso-2881.
885 1007 951 1057 Nam
962 1006 1005 1056 hio
1018 1007 1080 1057 satis
1094 1015 1149 1058 erat
1161 1006 1255 1069 dicere,

133 1079 162 1128 si
180 1077 209 1128 id
223 1078 312 1138 modo,
333 1079 402 1142 qped
420 1079 483 1128 satis
501 1086 581 1137 esset,
605 1085 721 1127 curarent
741 1079 844 1144 poetae:
868 1078 966 1126 utinam
985 1091 1077 1130 neers
1093 1092 1180 1128 errans
1199 1092 1257 1126 mea

135 1147 219 1198 domo
238 1147 338 1198 efferret
355 1149 447 1214 pedem
465 1147 574 1198 Medea!
606 1147 649 1213 (ln
669 1162 734 1209 quae
753 1148 895 1212 scripturae
915 1146 1104 1212 discrepantiae
1119 1146 1168 1197 hae
1183 1156 1255 1196 sunt:

135 1213 196 1282 ne]
209 1231 246 1268 ne
261 1232 373 1268 errans
386 1218 443 1268 Par.
454 1233 536 1282 mpr.
608 1232 644 1266 ne
658 1215 733 1266 hera
746 1214 873 1281 errans]
889 1231 926 1266 ne
941 1231 1118 1266 erraueras
1131 1215 1275 1266 Wuerab.·

136 1285 298 1336 eraBamb.
313 1285 345 1347 b,
365 1301 415 1336 orn.
430 1286 489 1336 Par.
561 1301 629 1336 mea
647 1286 737 1336 dorna
758 1302 808 1336 cm.
825 1287 915 1336 Bamb.
935 1287 1049 1336 aTross.
1121 1285 1256 1336 efferret

135 1355 255 1420 pedem
268 1357 360 1406 darno
374 1356 495 1406 Bamb.b
509 1357 574 1405 Fris.
588 1353 673 1421 Opitz.
744 1356 871 1406 medeas
884 1353 1024 1418 Wuernb.)
1058 1355 1204 1406 Priscianus
1224 1355 1256 1406 de

134 1426 229 1480 metris
242 1426 344 1476 Terent.
361 1441 383 1475 c.
397 1428 413 1476 1
428 1441 455 1491 p.
471 1425 538 1477 1325
549 1427 578 1474 P.
594 1427 656 1488 §²2
668 1440 695 1490 p.
708 1425 760 1476 416
773 1424 803 1474 G.
822 1426 857 1490 (11
870 1441 897 1490 p.
913 1425 965 1477 410
976 1423 1022 1488 K.)
1043 1427 1103 1476 ‘nec
1116 1425 1199 1474 solum
1214 1439 1257 1476 co-

135 1495 204 1544 mici
216 1494 405 1545 huiuscemodi
419 1503 478 1544 sunt
491 1497 532 1545 nsi
545 1495 647 1553 iambis,
667 1495 713 1544 sed
726 1495 802 1544 etiam
817 1495 908 1560 tragici
922 1495 1099 1555 uetustissimi,
1118 1503 1146 1544 ut
1159 1495 1256 1544 Ennius

137 1564 167 1613 in
188 1563 292 1628 Medea:
318 1562 517 1629 [280-187].’
553 1563 641 1614 Cicero
658 1563 689 1614 de
704 1562 756 1613 fato
771 1563 813 1626 15,
829 1563 862 1615 35
887 1568 934 1614 ‘ex
953 1564 1003 1614 hoc
1022 1579 1116 1631 genere
1136 1564 1201 1616 illud
1218 1571 1257 1614 est

137 1633 221 1682 Enni:
247 1632 320 1699 [280.
338 1632 411 1698 281]¹
444 1633 529 1682 Licuit
551 1634 593 1682 uel
617 1632 706 1684 attius:
739 1634 835 1682 utinam
852 1648 884 1683 ne
906 1635 932 1682 in
951 1634 1021 1684 Pelio
1041 1641 1100 1683 nata
1124 1634 1178 1684 ulla
1202 1649 1257 1684 um-

139 1717 221 1764 quam
236 1711 304 1752 esset
319 1703 407 1753 arbor!
436 1703 513 1752 etiam
525 1717 618 1769 supra,
638 1703 734 1751 utinam
746 1717 778 1751 ne
793 1711 861 1752 esset
873 1717 946 1753 mons
957 1702 1025 1752 ullus
1038 1703 1136 1752 Pelius!
1164 1703 1257 1754 simili-

138 1780 232 1834 terque
249 1773 383 1838 superiora
402 1780 557 1838 repetentem
579 1771 680 1836 regredi
701 1771 798 1822 infinite
820 1772 888 1822 licet.
928 1771 1014 1822 Neue
1032 1772 1107 1822 inde
1185 1787 1257 1824 coe·
1344 1801 1346 1804 ·

139 1842 255 1905 pisset.
290 1841 415 1900 Quorsum
432 1840 496 1891 haec
509 1842 663 1907 praeterita?
688 1840 753 1899 Quia
772 1843 887 1905 sequitur
904 1841 969 1892 illud
987 1841 1059 1907 [187.
1074 1841 1136 1909 288]
1159 1857 1210 1893 non
1230 1850 1258 1892 ut

140 1924 189 1960 eae
205 1926 246 1960 res
259 1926 363 1962 causam
377 1910 497 1960 afferrent
511 1912 625 1963 amoris!
657 1909 728 1960 Idem
747 1926 794 1976 prc
807 1911 893 1961 Caelio
907 1911 933 1971 8,
949 1911 981 1962 18
1001 1915 1064 1975 ‘quo
1080 1912 1136 1962 loco
1151 1927 1257 1979 possum

140 1978 231 2030 dicere
244 1980 353 2044 idquod
423 1979 585 2032 Crassus
605 1979 683 2046 paulo
700 1988 758 2030 ante
774 1980 853 2042 dixit,
877 1981 996 2030 utinam
1017 1996 1054 2031 ne
1075 1983 1106 2030 in
1127 1997 1256 2032 nemore

140 2047 248 2109 Pelio,
268 2064 298 2100 ac
312 2051 415 2116 longius
428 2049 532 2113 quidem
546 2049 610 2100 mihi
625 2057 760 2098 contexere
774 2049 823 2099 hoc
838 2065 940 2100 carmen
954 2051 1050 2101 liceret.
1079 2050 1154 2102 Nam
1169 2067 1257 2101 num·

141 2133 234 2180 quarn
252 2134 307 2170 era
326 2135 436 2170 errans
455 2119 521 2170 hanc
539 2119 684 2170 molestiam
704 2119 778 2169 nobis
797 2118 929 2170 exhiberet
948 2119 1060 2170 Medea
1077 2123 1182 2171 animo
1204 2153 1255 2170 ...

141 2244 349 2257 ——u--n—

143 2323 193 2362 sae
211 2309 404 2377 accedissent,
427 2326 479 2366 om.
496 2308 634 2381 abiegna,
655 2305 725 2364 Par.
742 2322 778 2362 m.
790 2324 840 2379 pr.
858 2307 892 2365 de
905 2311 962 2364 ina.
984 2327 1070 2367 caesa
1086 2309 1258 2368 accidissent

143 2393 283 2464 abiegnae
304 2395 370 2466 aliq.
385 2393 448 2448 cdd.
466 2395 501 2450 de
520 2393 591 2465 salo.
613 2409 716 2450 caesae
736 2391 908 2448 accidissent
928 2395 1030 2465 abigne
1046 2395 1123 2452 [Δία.
1143 2397 1178 2452 dc
1197 2401 1257 2452 nal.

142 2477 220 2532 deor.
237 2494 323 2533 caesa
339 2478 492 2534 cecidisset
507 2479 628 2549 abiegna
642 2475 736 2532 Prisc.
751 2477 787 2530 de
801 2483 880 2532 metr.
900 2477 965 2533 Ter.
981 2478 1088 2535 Carltr.
1108 2496 1170 2536 cam
1185 2482 1257 2536 dcta·

143 2561 262 2616 rioabac
282 2561 375 2617 Prisc.
391 2580 425 2634 p.
439 2563 505 2625 751,
529 2563 583 2616 duo
600 2561 690 2617 Oscor.
712 2575 784 2615 unas
807 2559 891 2632 Scap.
911 2578 963 2633 mg.
988 2563 1082 2634 Topic.
1102 2565 1142 2635 cf.
1156 2579 1255 2638 capra.

143 2661 210 2699 cesa
224 2645 378 2701 cecidisset
391 2647 511 2718 abiegna
526 2646 679 2717 (abiegnae
696 2647 787 2712 corr.)
804 2643 890 2716 Opilz.
903 2646 943 2700 ad
951 2645 1020 2702 Her.
1037 2665 1140 2704 caesae
1157 2652 1256 2716 (cesae

145 2729 243 2784 Bamb.
259 2746 277 2784 a
293 2717 409 2798 b'Tar.)
433 2728 604 2785 cecidissent
623 2729 760 2801 abiegnae
781 2730 915 2802 (abiegne
935 2731 1033 2786 Bamb.
1048 2733 1077 2800 b)
1097 2732 1168 2788 Par.
1190 2736 1259 2801 (nisi

145 2813 217 2886 qaod
229 2815 258 2867 in
274 2813 326 2869 boc
341 2814 512 2870 cecidissent
526 2817 602 2869 uocis
611 2815 708 2885 prima
722 2813 830 2885 syllaba
843 2830 919 2869 carr.
932 2821 985 2884 est)
1005 2817 1103 2871 Bamb.
1119 2818 1164 2872 ab
1179 2819 1256 2874 Frr's.

148 2897 241 2952 Trom.
263 2897 330 2953 Tar.
351 2898 391 2952 ad
410 2898 481 2953 Her.
503 2914 589 2954 caesa
610 2897 781 2952 cecidissent
802 2899 939 2970 abiegnae
960 2902 1025 2972 aliq.
1047 2902 1109 2956 cdd.
1131 2904 1165 2958 de
1184 2903 1254 2975 fato.

147 2995 246 3036 caesae
262 2982 446 3049 cecidissent,
470 2999 524 3038 om.
539 2983 675 3053 abiegna,
696 2984 819 3054 Anglom.
838 2983 930 3040 Troas.
950 2985 1018 3041 Tar.
1034 2993 1060 3041 et
1072 2987 1119 3041 alt.
1136 3005 1181 3054 m,
1204 2989 1256 3044 ad·

146 3066 198 3121 dito
218 3068 300 3121 siaul
320 3068 455 3138 abiegna,
476 3067 547 3122 Par.
570 3067 604 3122 de
623 3069 679 3124 ina.
701 3066 872 3123 accidissent
892 3070 1029 3141 abiegnae
1051 3071 1129 3126 Eine.
1149 3071 1255 3146 Grypb.

150 3149 240 3222 Topic.
259 3150 411 3208 cecidisset
433 3153 555 3224 abiegna
569 3166 641 3207 anas
656 3150 742 3223 Scap.
762 3151 827 3207 ibid.
849 3153 1022 3209 cecidissent
1042 3155 1180 3227 abiegnae
1203 3159 1256 3213 duo

148 3233 230 3307 Scap.
254 3234 337 3290 Vrec.
356 3235 420 3295 ibid.
445 3237 598 3292 ceciderint
618 3236 740 3307 abignea
753 3235 831 3291 Flor.
853 3254 889 3297 m.
906 3255 956 3310 pr.
979 3238 1114 3296 ceciderit
1135 3242 1256 3314 abiegna

149 3319 223 3374 flor.
245 3335 282 3374 m.
304 3321 352 3376 all.
373 3321 508 3377 ceciderit
529 3321 649 3403 abiegne
667 3320 795 3376 Ambae
819 3321 883 3389 (secl
894 3325 1001 3395 apuam
1016 3323 1122 3395 alphia.
1141 3343 1178 3381 m.
1194 3328 1256 3392 all.)

148 3403 265 3458 Animi
280 3402 446 3470 Qamadaai.
465 3406 637 3462 cecidissent
648 3403 737 3461 Iulias
755 3404 856 3462 Victor.
873 3407 1025 3463 cecidisset
1038 3407 1128 3465 sana.
1144 3411 1255 3468 Donati.

150 3487 315 3542 cecidissent
329 3488 417 3562 Lapd.
438 3505 500 3546 cam
519 3491 581 3546 edd.
598 3496 653 3545 aet.
670 3489 775 3546 Donati
856 3490 1001 3565 Singulari
1012 3509 1126 3551 nurnero
1134 3499 1256 3567 positam

150 3585 204 3625 aare
224 3573 317 3626 trabes
339 3579 472 3629 testaretur
492 3574 584 3631 Varro
601 3579 627 3628 ct
639 3573 803 3628 Pnbdaaas
821 3589 855 3644 p.
870 3579 921 3637 751
1007 3578 1044 3633 ad
1065 3587 1138 3634 terra
1158 3581 1255 3636 Hatra.

157 3653 298 3711 Varronis.
323 3661 441 3725 terram,
464 3658 585 3726 amad,
605 3657 739 3712 Florum.
755 3659 804 3712 alt.
819 3656 909 3724 Quint.
929 3661 966 3716 ad
983 3668 1085 3718 terram
1107 3664 1171 3732 (sed
1185 3665 1203 3720 d
1218 3683 1255 3720 m.

152 3739 209 3806 alt.)
224 3739 317 3794 Amdr.
334 3757 353 3794 a
369 3741 432 3796 ibid.
450 3742 477 3796 in
493 3749 594 3797 terram
608 3739 748 3796 Helberst.
764 3755 825 3798 cam
841 3744 903 3799 alia's
921 3745 997 3800 libris
1011 3745 1102 3802 Prisc.
1113 3766 1145 3820 p.
1162 3752 1213 3808 751

187 3827 239 3882 181
268 3839 356 3879 naues
375 3824 447 3881 Par.
469 3843 505 3884 m.
523 3844 574 3898 pr.
595 3824 634 3881 ad
651 3824 723 3880 Her.
809 3826 986 3885 inchoandae
1007 3829 1098 3887 Prisc.
1121 3833 1256 3892 demetr.

155 3907 227 3976 Ter„
249 3908 320 3963 Par.
342 3911 407 3977 (scd
421 3909 475 3966 dae
492 3914 522 3966 in
536 3912 612 3978 ras.)
637 3925 698 3964 cum
719 3909 948 3986 transactasque
969 3915 1008 3969 ad
1022 3916 1108 3982 Hem,
1128 3919 1256 3992 plerique

153 3991 207 4048 cdd.
223 3994 258 4049 de
274 3993 345 4066 fato.
361 3995 513 4051 inchoandi
528 3995 627 4050 Bamb.
645 3994 714 4049 bad
727 3994 798 4050 Her.
818 3998 882 4070 alab.
898 3999 961 4054 cdd.
977 4000 1011 4055 de
1025 4000 1096 4072 sato.
1118 4003 1255 4060 inchoans

156 4077 245 4132 Bamb.
269 4093 286 4131 a
312 4078 352 4133 ad
371 4078 442 4134 Her.
530 4096 617 4135 naues
644 4079 820 4135 inchoandas
849 4083 964 4139 exdium
997 4085 1125 4142 Waerzb.
1150 4087 1212 4144 ibid.

189 4167 241 4220 183
261 4165 384 4232 cepisset
406 4165 534 4220 Waerzb.
554 4179 591 4218 m.
602 4180 650 4234 pr.
666 4163 737 4218 Par.
752 4164 880 4221 Bamb.lr
905 4167 973 4224 Pur.
996 4171 1035 4225 ad
1054 4170 1124 4226 Her.
1146 4175 1256 4245 coepis-

156 4253 210 4300 sent
219 4247 292 4304 Fras.
308 4247 405 4302 ibidem
493 4265 565 4304 nuuc
576 4263 629 4302 om.
641 4247 728 4319 Opilz.
740 4249 779 4302 cd
785 4249 855 4305 Her.
942 4255 1053 4309 nornine
1066 4273 1118 4311 om.
1131 4257 1257 4314 samaa

158 4327 243 4384 Troas.
263 4331 349 4402 Opilz.
368 4333 408 4388 acl
419 4333 488 4393 Her.
584 4337 637 4390 ast
655 4347 698 4402 tq·
729 4333 806 4403 Argo
836 4337 901 4408 quia
920 4337 1020 4412 Argiui
1047 4342 1075 4395 in
1097 4357 1132 4398 ea
1155 4344 1255 4399 deiecti
