2984 5032
265 445 376 494 xnvm
665 435 976 504 QVAESTIONES

264 605 459 665 narrationem
471 617 525 679 per
538 599 585 660 iila
599 600 740 678 quaedam
752 611 889 661 retexere
902 611 989 679 atque
1001 609 1108 679 poetae
1121 602 1178 662 uim
1190 611 1219 662 et
1231 601 1399 679 ingenium

266 711 374 770 sentire
388 709 482 768 sinunt
494 706 664 783 fragmenta.
697 707 778 785 lingo
795 727 832 768 ex
845 727 919 784 mea,
944 726 1027 786 quarn
1045 707 1156 769 Merula
1170 701 1323 788 p'raeiuit,
1340 707 1399 766 dis·

266 816 411 895 positione
426 814 493 874 huic
507 813 583 874 libro
598 813 772 890 Pyrrhum
784 814 883 873 licebit
902 814 1072 874 inscribere.
1096 815 1207 891 Pyrrho
1221 817 1325 891 enim,
1342 832 1400 873 nee

267 939 341 982 uero
355 901 419 982 aliis
442 920 529 980 rebus
549 931 667 1006 praeter
681 921 820 1006 Pyrrhum
840 919 886 980 hio
909 917 984 979 liber
1005 922 1117 982 dicatus
1138 931 1199 982 est:
1223 923 1309 982 licet
1330 938 1399 979 uer-

266 1047 339 1106 sum,
354 1030 401 1109 qui
416 1030 509 1108 ipsum
523 1027 624 1103 Pyrrhi
639 1045 754 1102 nornen,
768 1025 815 1084 uel
825 1024 907 1084 Burri
920 1043 1002 1086 rnore
1015 1025 1157 1104 Enniano,
1173 1028 1308 1090 exhibet
1323 1023 1399 1105 (V),

267 1155 283 1196 e
308 1137 406 1215 quinto
428 1134 539 1194 Nonius
561 1150 590 1212 p.
613 1131 692 1209 226,
715 1130 755 1192 30
777 1130 953 1209 laudauerit,
976 1151 1031 1192 nec
1053 1133 1178 1210 diligens
1199 1137 1269 1214 ipse
1292 1151 1400 1211 gram·

267 1242 405 1318 malicus,
430 1257 486 1300 nec
508 1260 525 1301 a
546 1239 672 1300 librariis
695 1247 833 1300 tractatus
852 1237 1017 1317 diligenter.
1058 1236 1264 1301 coruscamen
1284 1249 1398 1302 aucto·

265 1349 349 1407 ritate
384 1347 463 1406 nisus
492 1344 667 1406 Niebuhrius
698 1347 726 1405 in
763 1345 873 1405 scholis
911 1345 993 1406 acad.
1027 1346 1064 1406 de
1095 1347 1215 1408 historia
1248 1345 1397 1406 Romana

267 1454 302 1533 (l
331 1454 393 1534 23)
431 1454 559 1533 quintum
591 1451 740 1526 annalem,
777 1467 834 1509 noo
865 1459 994 1526 sextum,
1033 1450 1144 1527 Pyrrho
1176 1453 1323 1514 ascribit:
1368 1461 1397 1510 at

266 1559 416 1632 Niebuhrii
447 1559 587 1618 annalium
616 1558 770 1636 dispositio
799 1556 934 1616 uniuersa
963 1575 1070 1618 uereor
1104 1568 1135 1618 ut
1161 1559 1259 1620 dedita
1291 1575 1395 1638 opera

266 1666 394 1725 instituta
416 1666 540 1725 omniurn
562 1663 789 1741 fragmentorum
803 1663 1039 1724 consideratione
1055 1665 1171 1726 nitatur.
1209 1665 1317 1744 Aqua
1340 1682 1395 1723 our

267 1773 295 1830 in
321 1771 385 1831 aliis
414 1771 496 1830 libris
527 1769 731 1844 discesserim,
765 1767 833 1829 alibi
862 1767 969 1828 dicam:
1007 1771 1035 1828 in
1059 1769 1171 1845 Pyrrho
1201 1772 1281 1849 quod
1316 1769 1391 1830 Nie-

265 1877 396 1938 buhrium
417 1891 474 1935 nou
496 1892 623 1954 sequor,
647 1893 711 1934 cum
730 1876 830 1949 testis,
853 1890 939 1952 quem
952 1873 1037 1935 Nonii
1056 1879 1222 1938 testimonio
1246 1892 1391 1956 oppono,

265 1981 370 2043 Festus
395 1999 440 2042 me
465 1991 599 2056 moueat,
631 1983 679 2060 qui
701 1998 730 2058 p.
756 1980 815 2041 169
836 1979 874 2045 Μ,
897 1979 933 2041 lr.
957 1981 1014 2056 lV,
1045 1984 1125 2063 quod
1149 1984 1290 2044 camillo
1314 2000 1387 2062 per-

267 2105 351 2166 quam
377 2087 569 2166 probabiliter
591 2086 702 2148 llerula
733 2086 898 2161 coniunxit,
932 2104 949 2144 e
975 2084 1015 2146 Vl
1044 2088 1139 2149 annali
1167 2091 1282 2151 citauit:
1324 2098 1387 2148 turn

266 2193 357 2253 hrrnat
379 2194 536 2270 rationem,
568 2192 752 2272 quodetiam
775 2191 903 2268 relicua,
933 2210 1008 2272 quae
1031 2196 1146 2274 quidem
1169 2195 1345 2258 adferuntur
1370 2211 1386 2251 e

266 2307 369 2374 sexto,
394 2300 457 2359 lere
478 2316 529 2359 sua
551 2308 656 2378 sponte
680 2317 713 2359 se
729 2299 801 2360 huic
825 2309 995 2377 argumento
1019 2303 1248 2363 accommodant.
1284 2301 1385 2362 Porro

266 2401 403 2483 quidquid
427 2404 463 2464 de
484 2413 586 2483 quarto
608 2406 767 2485 quintoque
791 2406 866 2466 libro
891 2416 1050 2484 statuetur,
1075 2409 1103 2468 in
1122 2408 1227 2489 quibus
1242 2425 1301 2487 ego
1322 2423 1384 2466 non

268 2527 376 2569 uereor
398 2520 427 2570 ut
444 2511 626 2590 disponendo
647 2512 764 2572 rnultum
786 2530 888 2572 auero
909 2512 1095 2591 deflexerim,
1118 2532 1134 2574 a
1154 2514 1278 2592 septimo
1297 2512 1383 2574 bella

267 2615 373 2676 Punica
387 2617 516 2678 incohari
532 2620 602 2706 palis
614 2627 706 2694 certa,
723 2636 798 2697 quae
810 2619 883 2679 inira
903 2619 1070 2698 explicabo,
1087 2620 1192 2682 indicia
1206 2625 1382 2680 monstrant.

352 2722 498 2783 Exortum
527 2742 595 2783 esse
628 2723 731 2784 librum
764 2723 800 2785 ab
833 2743 870 2785 eo
903 2743 989 2804 quern
1015 2727 1136 2805 priunum
1164 2727 1248 2804 posui
1277 2743 1380 2798 uersu,

269 2825 375 2889 Cicero
416 2830 491 2908 apud
529 2829 733 2903 Quintilianum
768 2829 808 2890 Vl
839 2829 880 2907 3,
922 2829 986 2910 86,
1035 2831 1105 2892 licet
1150 2831 1279 2892 editores
1319 2843 1381 2888 non

266 2935 406 3011 uiderint,
430 2952 491 2994 uon·
509 2934 636 2994 obscure
657 2936 834 3013 prodiderat.
870 2935 954 2996 Vnde
976 2937 1108 2997 colorem
1131 2937 1211 2997 duxit
1225 2937 1265 3011 is,
1286 2947 1379 3014 aquo

266 3040 419 3101 Lueretius
440 3043 565 3120 quintum
586 3041 622 3100 de
647 3049 746 3102 natura
769 3059 864 3101 rerum
889 3042 1012 3121 incepit,
1035 3049 1095 3119 quis
1113 3049 1186 3118 potr's
1206 3051 1246 3102 est
1265 3045 1378 3117 dipnum

261 3155 379 3226 pollenti
392 3159 508 3227 pectore
528 3167 641 3208 carmen
658 3151 802 3209 Condere?
825 3146 869 3209 Gi.
890 3151 975 3210 etiam
987 3148 1134 3208 Ausonius
1147 3149 1221 3213 llos.
1236 3145 1297 3207 298
1315 3152 1378 3222 quis

260 3261 336 3332 potis
364 3261 522 3317 innumeros
551 3262 693 3331 cultusque
719 3258 879 3332 habitusque
911 3269 1042 3317 retexens
1070 3259 1199 3318 Pondere
1230 3257 1378 3314 tectonicas

261 3380 319 3436 per
338 3367 446 3437 stapulo
464 3368 585 3438 praedio
605 3365 735 3437 surmus?
768 3359 848 3438 Ergo
872 3361 939 3422 huic
961 3361 1036 3422 libro
1059 3361 1209 3440 peculiare
1233 3359 1376 3439 quoddam

267 3461 468 3544 prohoemium
486 3485 542 3526 non
562 3466 669 3542 deluit,
696 3475 727 3525 ut
750 3476 868 3545 praeter
886 3467 1007 3547 primurn
1026 3469 1168 3546 septimo,
1192 3467 1306 3528 decimo
1328 3481 1374 3537 ac,

267 3571 322 3632 nisi
343 3589 388 3632 me
410 3572 484 3635 lallit
505 3575 694 3650 coniectura,
719 3574 804 3632 etiarn
827 3573 1048 3633 sextodecimo
1072 3583 1101 3634 et
1123 3572 1373 3634 duodeuicesimo.

267 3678 327 3740 Sed
360 3679 403 3742 his
432 3678 513 3739 libris
547 3681 612 3742 dum
644 3678 760 3739 uindico
790 3679 957 3754 exordium,
993 3682 1101 3740 ceteris
1133 3697 1190 3739 non
1223 3677 1373 3740 abiudico:

267 3785 321 3844 nisi
350 3785 428 3864 quod
456 3786 605 3863 indicium,
638 3803 695 3864 quo
724 3786 857 3846 adiuuem
880 3785 1088 3863 suspitionem,
1117 3785 1225 3845 nullum
1247 3783 1373 3844 inuenio.

131 3895 134 3903 ‘
194 3953 196 3958 ,
266 3890 463 3952 Eoonsessu
492 3893 617 3970 quodam
644 3893 765 3952 deorum
794 3890 941 3950 residuum
971 3891 1086 3952 uidetur
1118 3893 1152 3952 ir.
1182 3890 1223 3950 ll:
1260 3888 1373 3967 qualern

217 3997 226 4016 ⁸
267 4016 437 4058 consessum
467 3995 587 4056 difficile
620 4004 666 4055 est
696 3995 842 4071 diuinare,
879 3998 925 4057 cui
953 4000 1076 4057 maxime
1106 3997 1179 4076 parti
1208 4002 1296 4075 poeta
1326 3993 1372 4054 ad·

267 4102 425 4167 miscuerit.
461 4103 510 4163 Sic
535 4103 627 4182 potuit
648 4102 695 4161 uel
715 4104 743 4162 in
758 4103 852 4163 media
868 4089 963 4181 pugna
980 4103 1076 4181 aliqua
1091 4101 1211 4161 deorum
1227 4098 1371 4170 auxilium,

269 4227 327 4288 quo
349 4209 479 4270 alterutri
503 4211 575 4288 parti
596 4209 710 4268 lelicius
731 4217 863 4268 uerteret
882 4217 1050 4286 certamen,
1073 4205 1187 4268 ascisci.
1227 4204 1258 4264 lo
1279 4222 1312 4264 re
1334 4203 1372 4260 in·

267 4324 347 4376 certa
361 4315 398 4375 ad
415 4315 585 4394 principium
599 4314 665 4376 libri
682 4333 799 4374 uersum
814 4317 949 4395 ascripsi,
965 4331 1052 4394 quent
1064 4311 1215 4376 admodum
1231 4308 1371 4370 llornerus
1471 4349 1473 4403 j
