3112 5040
622 465 868 542 aaurovrna‘

200 749 262 811 390
290 738 500 812 Obcumbunt
518 741 610 810 multi
630 639 908 835 letumsslerroque
929 742 1061 835 lapique

290 846 359 915 Aul
375 844 461 914 intra
479 865 594 914 muros
611 848 669 914 aut
686 849 782 915 extra
801 845 955 938 praecipe
976 867 1068 915 casu.

350 1019 356 1036 ·
720 981 762 1052 ΠΙ

288 1101 472 1172 Macrobius
495 1099 564 1171 Sat.
587 1100 636 1169 Vl
655 1109 675 1169 2
698 1123 730 1190 p.
748 1109 809 1169 514
827 1099 898 1168 lon.
928 1099 1022 1168 ‘item
1038 1098 1079 1167 de
1097 1097 1248 1168 Pandaro
1266 1101 1299 1167 et

187 1203 272 1272 Bitia
290 1204 512 1296 aperientibus
532 1207 646 1294 portas
666 1202 1014 1294 [Verg.Aen.lX672]
1035 1202 1129 1271 locus
1143 1204 1298 1292 acceptus
1405 1255 1408 1262 .

186 1309 238 1376 est
260 1329 303 1375 ex
328 1307 411 1376 libro
438 1308 552 1400 quinto
573 1306 701 1379 decimo
718 1305 815 1374 Ennii
836 1305 893 1398 qui
917 1305 1041 1376 inducit
1058 1305 1190 1374 Histros
1212 1303 1299 1374 duos

185 1409 218 1478 in
246 1409 417 1480 obsidione
440 1410 592 1502 erupisse
612 1414 709 1502 porta
728 1412 762 1480 et
786 1411 933 1501 stragem
954 1408 995 1478 de
1017 1407 1190 1480 obsidente
1203 1407 1300 1476 hoste
1330 1449 1341 1456 —

185 1511 326 1582 fecisse?

249 1637 257 1646 ,
703 1611 752 1683 IV
765 1610 781 1648 ἡ

289 1768 545 1786 .....
599 1715 755 1786 succincti
775 1715 1078 1786 cordamachaeris

615 1849 631 1888 ’lt
856 1849 873 1887 i*

734 1909 750 1946 a

287 2093 396 2161 Arcus
417 2093 472 2162 ubi
494 2093 667 2184 aspicitur,
695 1989 889 2164 mlrtalibus
912 2112 997 2186 quae
1023 2088 1220 2180 perhibetur.

608 2397 767 2478 blBElt
800 2396 870 2478 XVl

731 2603 745 2674 l

288 2719 414 2787 Plinius
432 2721 502 2788 Nat.
523 2721 606 2788 Hist.
626 2719 687 2789 Vll
711 2730 765 2790 101
798 2721 973 2789 ‘fortitudo
999 2720 1031 2787 in
1053 2740 1119 2810 quo
1143 2739 1295 2786 maxume
1379 2757 1390 2776 κ

182 2821 328 2889 extiterit
352 2821 521 2891 inmensae
546 2823 749 2916 quaestionis
775 2829 842 2908 est,
868 2825 981 2916 utique
1005 2822 1033 2891 si
1054 2821 1185 2910 politica
1208 2820 1295 2888 reci-

184 2921 293 3010 piatur
317 2923 522 2994 fabulositas.
572 2925 617 3009 Q:
639 2925 764 2994 Ennius
792 2928 828 2996 L.
853 2923 1079 2997 Caecilium
1103 2923 1294 2992 Dentrem
1349 2987 1353 2996 ,

185 3024 235 3111 (L.
256 3025 404 3096 Hocbius
433 3028 475 3096 de
496 3029 578 3097 Enn.
600 3051 675 3098 ann.
703 3031 822 3121 fragm.
846 3030 920 3100 aP.
947 3029 1025 3098 Mer.
1053 3027 1159 3096 auctis
1177 3049 1219 3117 p.
1241 3035 1293 3096 47.

183 3225 228 3274 lib.
245 3226 294 3276 XV
309 3229 362 3277 ...'
435 3229 457 3278 11
479 3229 625 3280 Priscianus
637 3232 673 3280 Vl
692 3248 718 3296 p.
732 3232 823 3282 7251),
844 3231 870 3296 (Ι
883 3229 933 3282 287
949 3227 995 3292 K.)
1019 3228 1200 3278 ‘uetustissimi
1217 3228 1293 3278 etiarn

183 3297 353 3363 praecipis
371 3299 518 3363 genetiuum
536 3300 580 3362 qui
593 3315 609 3348 a
626 3301 782 3350 nominatiuo
801 3315 926 3366 praeceps
941 3307 979 3347 est
991 3296 1131 3347 secundum
1148 3296 1293 3363 analogiam

183 3367 332 3416 nominatiui
350 3366 508 3433 protulerunt
593 3370 690 3418 Ennius
708 3371 733 3418 in
747 3370 796 3419 XV
808 3369 907 3422 annali:
927 3366 998 3433 [390.
1013 3356 1084 3431 91].'
1102 3367 1196 3431 (totum
1211 3365 1293 3416 locum

182 3449 233 3483 om.
249 3434 328 3501 Sang.
343 3434 442 3501 Lugd.)
466 3437 536 3487 Idem
550 3439 585 3487 VI
598 3438 716 3504 prose.
733 3440 758 3504 (l
774 3437 911 3504 papali.)
926 3437 1108 3486 ‘uetustissimi
1120 3444 1203 3486 umen
1218 3436 1294 3484 etiam

182 3503 278 3552 buius
296 3504 385 3570 lapis
401 3507 568 3570 protulerunt.
596 3509 694 3560 Ennius
709 3510 735 3558 in
750 3509 799 3558 XV
812 3509 911 3558 annali:
932 3504 1029 3572 [390].·
1102 3507 1135 3556 lV
1150 3505 1255 3556 Seruius
1268 3506 1294 3554 in

184 3572 247 3621 Aen.
263 3573 299 3621 lX
313 3573 365 3624 678
381 3577 485 3624 ‘armati
499 3576 580 3626 terro:
600 3586 643 3626 aut
657 3579 721 3627 bene
734 3579 850 3628 instructi
863 3577 941 3627 armis
954 3585 1006 3634 aut,
1021 3583 1048 3626 ut
1061 3577 1143 3640 Asper
1156 3575 1226 3633 dicit,
1243 3575 1294 3624 ler-

184 3655 227 3689 rea
240 3641 318 3690 corda
331 3642 454 3692 habentes
468 3645 485 3692 i.
499 3662 522 3694 e.
538 3646 602 3694 dura
614 3654 637 3694 ct
649 3655 753 3695 cruenta
764 3648 914 3712 cogitantes,
930 3655 957 3693 ut
968 3646 1076 3693 Ennium
1091 3646 1123 3693 sit
1136 3652 1238 3693 secutus
1250 3638 1293 3706 ipri

183 3710 230 3758 ait:
251 3711 385 3760 succincti'
408 3728 430 3761 e.
450 3729 474 3774 q.
494 3729 515 3762 s.
546 3715 600 3762 Huc
621 3715 715 3764 rettulit
732 3715 830 3764 Merula
897 3716 920 3763 V
944 3714 1090 3762 Priscianus
1106 3715 1142 3761 Vl
1159 3729 1185 3777 p.
1200 3712 1249 3762 712
1264 3713 1292 3761 P.

182 3777 208 3843 (Ι
225 3793 251 3842 p.
265 3777 317 3829 269
332 3777 378 3842 Κ.)
391 3779 524 3845 (arcus)
539 3784 683 3832 ‘inuenitur
694 3791 777 3832 tamen
795 3784 865 3849 apud
877 3791 978 3833 ueteres
996 3781 1072 3830 etiarn
1086 3782 1202 3830 seminini
1217 3795 1294 3846 gene-

182 3849 233 3908 ris,
252 3849 393 3898 secundum
406 3851 475 3912 quod
486 3852 550 3902 bene
565 3860 669 3914 quartae
681 3861 719 3902 est
733 3853 921 3903 declinationis.
947 3851 1044 3900 Ennius
1056 3852 1082 3900 in
1091 3851 1140 3900 XV
1152 3851 1252 3900 annali.
1262 3887 1267 3897 .
1277 3852 1293 3897 .'

223 4025 276 4082 390
298 4025 468 4080 obcumbunt
482 4025 571 4080 Ber-n.
586 4024 727 4082 Hclberst.
738 4045 772 4098 p.
784 4029 843 4085 725.
860 4028 1029 4082 occumbunt
1043 4025 1128 4078 ceteri
1211 4026 1295 4080 letum

181 4109 269 4163 Bem.
280 4126 314 4179 p.
327 4110 390 4166 708.
406 4109 509 4164 loetum
521 4108 591 4182 Rep.
602 4111 690 4165 Bern.
702 4111 844 4167 Helberst.
854 4128 888 4183 p.
901 4114 953 4169 725
970 4107 1039 4181 Rey·
1057 4125 1089 4178 ρ.
1106 4111 1175 4168 708-
1182 4115 1294 4171 ibidem:

183 4193 284 4247 laetum
298 4192 383 4265 Scap.
399 4196 530 4264 laetumq.
545 4198 578 4265 (q
588 4197 714 4263 masam)
728 4195 868 4250 Hotberst.
885 4196 958 4258 laeto
973 4193 1061 4264 Lapd.
1165 4203 1217 4257 391
1232 4219 1295 4273 pre-

183 4277 245 4346 cipe
273 4277 342 4349 Περ.
363 4295 396 4348 p.
416 4281 467 4336 725
573 4283 626 4337 393
650 4280 805 4352 adspicitur
825 4279 967 4336 Columna.
990 4281 1130 4358 aspiciunt
1148 4285 1212 4344 libri

182 4359 343 4434 perhibetur
356 4361 495 4418 Halberst.
512 4363 693 4439 perhibentur
708 4367 792 4422 ceteri
1022 4357 1024 4359 ¹
