2984 5048
639 435 995 494 TRAGOEDIARVM

795 605 827 676 X

360 727 531 818 Daemque
548 725 590 794 de
607 723 745 795 eonsssio
763 723 827 794 hoe
844 723 940 794 ib'ner
956 724 1057 794 eredo
1078 723 1234 792 eonatim
1262 720 1403 790 modo.

787 860 832 930 XI

359 979 429 1049 Ted
453 979 560 1070 ipsum
582 981 714 1069 oportet
735 975 799 1048 hbe
822 977 969 1071 profiteri
993 981 1025 1047 et
1047 974 1200 1069 preloqui

271 1091 333 1154 385
360 1081 553 1153 Aduersum
571 1081 660 1150 illam
682 1079 768 1151 mihi.

767 1214 827 1284 XII
840 1214 856 1250 *

359 1333 397 1404 Si
412 1334 507 1405 uoles
524 1333 700 1404 aduenere
718 1333 877 1418 animum,
905 1335 1042 1404 nimiter
1060 1334 1316 1405 monstrabitur.
1471 1385 1473 1398 s

759 1468 863 1540 xnr*
973 1521 976 1526 .
1468 1416 1474 1652 i

360 1639 368 1654 .
423 1587 539 1672 hemo,
568 1591 623 1681 qui
647 1588 767 1658 erranti
786 1588 923 1660 tirmiter
944 1589 1105 1659 monstrat
1128 1588 1225 1672 uiam,

359 1688 462 1773 Quasi
482 1690 596 1770 limen
615 1692 656 1762 de
677 1713 739 1760 suo
760 1691 882 1761 himine
905 1691 1080 1772 accendat,
1108 1690 1200 1760 facit:

358 1791 466 1862 Nihili
489 1794 597 1864 minus
620 1791 682 1887 ipsi
704 1793 808 1878 hicet,
832 1816 905 1864 curn
928 1791 974 1863 ilfi
997 1793 1191 1866 accenderit.
1210 1888 1213 1896 .

697 2003 924 2074 THYESTES

274 2255 337 2316 390
363 2246 423 2317 Se't
440 2270 492 2320 me
511 2252 635 2344 Apollo
659 2253 753 2347 ipstis
775 2139 916 2327 dtileetat
934 2255 1056 2348 [Iactat]
1082 2244 1194 2325 ductat
1210 2255 1382 2326 Delficus

260 2447 338 2497 urba
359 2457 397 2498 est
416 2451 546 2514 aedilium,
573 2457 694 2506 ciuitas
713 2458 812 2508 incolae
893 2456 990 2508 Ennius
1005 2455 1093 2508 Telefo
1114 2457 1162 2504 ...’
1233 2455 1258 2505 X
1275 2456 1384 2507 Nonius

259 2533 285 2582 p.
299 2516 360 2578 490,
375 2520 409 2570 12
427 2521 545 2572 ‘itiner
562 2539 609 2590 pro
628 2526 684 2576 iter.
711 2527 808 2577 Ennius
820 2527 934 2593 Telepho
948 2527 997 2576 ...’
1066 2525 1103 2574 Xl
1121 2525 1218 2575 Nonius
1230 2541 1257 2591 p.
1269 2525 1334 2587 232,
1344 2529 1383 2577 24

261 2588 446 2638 ‘aduersum
464 2605 565 2642 rursum
586 2595 656 2660 apud
675 2595 804 2662 signifieat
882 2597 980 2646 Ennius
995 2594 1085 2645 Telefo
1099 2595 1147 2643 ...'
1177 2595 1379 2660 (Ennius

261 2656 338 2705 mihi
353 2672 402 2707 om.
419 2657 494 2710 Bam.
510 2661 632 2728 aBaail.)
702 2665 751 2714 XII
769 2668 851 2717 Varro
867 2666 899 2716 (fe
911 2667 940 2715 L.
952 2665 981 2714 L.
993 2663 1085 2714 vilan
1095 2663 1128 2712 Μ.
1149 2664 1234 2730 ‘apud
1248 2665 1378 2714 Ennium:

261 2726 297 2776 ai'
314 2741 337 2775 e.
355 2742 379 2788 q.
395 2743 416 2776 a.
437 2730 604 2781 ‘eomiterz
623 2731 705 2784 hilare
718 2749 748 2784 ae
761 2734 894 2786 lubenter!
965 2733 1024 2784 XIII
1044 2733 1133 2784 Cicero
1149 2734 1182 2784 de
1195 2732 1238 2783 off.
1255 2731 1265 2782 l
1283 2733 1328 2792 16,
1342 2735 1376 2784 51

261 2796 388 2844 ‘omnium
408 2805 492 2848 autem
512 2803 655 2851 eommunia
674 2802 806 2853 hominum
826 2805 947 2855 uidentur
963 2819 1006 2864 ea,
1030 2818 1095 2865 quae
1113 2809 1171 2851 sunt
1189 2802 1290 2870 generis
1309 2804 1377 2864 eius,

261 2864 330 2927 quod
352 2864 383 2913 ab
398 2867 479 2917 Ennio
494 2871 606 2934 positum
624 2873 650 2920 in
669 2887 719 2921 nne
734 2889 761 2922 re
776 2873 909 2923 transferri
927 2874 952 2921 in
968 2871 1122 2938 permultas'
1143 2871 1196 2936 (sie
1211 2871 1299 2920 bamb.
1319 2889 1336 2922 a
1349 2874 1375 2922 b.

148 2961 154 2972 ι
260 2933 436 2984 transferri
456 2941 651 3001 permultas
670 2939 757 3005 Oehl.)
784 2945 882 3008 ‘potest
906 2939 1097 3008 [387-389].'
1135 2941 1233 2990 Ibidem
1251 2941 1285 2992 52
1314 2943 1376 2992 ‘sed
1402 2971 1404 2980 ν

261 3003 381 3065 quoniam
400 3006 490 3070 copiae
507 3022 604 3072 paruae
624 3011 783 3076 singulorum
799 3020 871 3073 sunt,
891 3027 978 3063 eorum
998 3019 1082 3060 autem
1102 3011 1146 3073 qui
1166 3010 1203 3059 eia
1224 3017 1314 3075 egeant
1335 3012 1374 3060 in—

262 3073 332 3121 finita
346 3080 384 3122 eat
399 3075 550 3137 multitudo,
570 3079 685 3145 uulgaris
701 3079 842 3131 liberalitas
855 3081 990 3131 referenda
1005 3087 1043 3130 est
1055 3079 1089 3129 ad
1105 3078 1177 3128 illum
1192 3079 1266 3128 Ennii
1282 3079 1371 3130 finem:

261 3141 370 3191 nihilo
390 3143 496 3194 minus
515 3147 580 3211 Ipsi
599 3148 704 3198 lueet!
732 3150 802 3200 Idem
822 3165 868 3216 pro
888 3150 968 3200 Balbo
986 3149 1025 3211 lb,
1040 3149 1074 3200 36
1096 3152 1195 3199 ‘eomes
1214 3148 1317 3215 benigni
1336 3149 1373 3200 fa-

247 3210 323 3261 'eilea
348 3227 441 3264 auauea
463 3214 580 3267 homines
600 3233 656 3269 esse
678 3217 809 3269 dicuntur:
838 3221 893 3282 qui
910 3220 1033 3270 erranti
1058 3219 1196 3268 comiter
1214 3225 1372 3268 monstrat

260 3282 361 3399 iiiii-¹¹⁹
376 3283 495 3350 benigne,
510 3301 560 3335 non
572 3291 696 3354 grauate.¹
723 3289 864 3353 Vtmmqne
879 3289 1049 3358 fragmentum
1063 3288 1113 3338 hue
1127 3288 1258 3338 reuocauit
1269 3286 1298 3338 0.
1311 3288 1372 3337 Rib-

279 3365 307 3399 ee
327 3365 366 3399 ms
442 3383 444 3389 .

294 3419 439 3469 anasrns
476 3424 486 3471 Ι
505 3422 602 3473 Nonius
614 3440 640 3490 p.
653 3425 696 3486 97,
709 3425 742 3476 32
761 3425 957 3488 ‘defectare,
978 3427 1092 3487 iniicere,
1109 3425 1251 3476 adtrahere.
1277 3427 1371 3478 Ennius

303 3661 357 3718 383
373 3657 408 3714 de
422 3674 473 3714 ΟΜ·
495 3663 534 3718 W
600 3669 654 3728 384
671 3667 718 3724 ted
729 3669 821 3740 ipsum
834 3674 943 3742 oportet
953 3668 1007 3724 hee
1019 3667 1143 3738 profiteri
1157 3665 1188 3723 0.
1198 3665 1369 3722 Ribbeckius.

262 3747 288 3798 te
305 3743 467 3814 ipsumhoc
483 3755 594 3820 oportet
607 3752 730 3822 profiteri
746 3754 823 3822 libri,
845 3755 920 3826 thd
932 3769 988 3809 non
1003 3753 1118 3808 mutauit
1127 3751 1321 3808 Lachmannua
1332 3753 1372 3806 ad

262 3826 346 3884 Lacr.
363 3827 447 3888 1778
529 3837 582 3893 387
606 3841 634 3890 ut
654 3837 739 3893 homo
757 3839 846 3893 Basti.
866 3837 941 3895 Oebt.
1028 3837 1121 3892 comiti
1142 3837 1230 3892 Baait
1251 3835 1371 3891 Bernd

263 3911 330 3983 Erf·
348 3911 423 3968 Oehl·
510 3918 584 3973 uiam
600 3922 847 3978 monstratBamb.
863 3940 881 3977 a
899 3921 974 3980 oeni.
1061 3927 1114 3982 888
1135 3921 1215 3992 quasi
1230 3921 1320 3976 lumen
1334 3919 1368 3975 de

264 4012 316 4052 suo
339 3997 444 4052 iumine
465 4001 554 4058 Bern.
573 4003 793 4062 atcctBae't.
816 4006 883 4079 Erf.
912 4006 992 4079 quasi
1016 4007 1051 4062 de
1077 4024 1128 4062 suo
1156 4005 1258 4060 lnmtne
1281 4006 1368 4060 lumen

263 4081 383 4136 Rem-e
406 4081 482 4138 Oebt·
568 4091 620 4147 aaa
647 4095 676 4145 ut
699 4091 802 4146 nonno
826 4091 918 4148 mnus
943 4090 1018 4147 oen.
1047 4097 1075 4146 ut
1096 4090 1182 4146 nihilo
1203 4089 1292 4144 mnus
1312 4090 1366 4144 aa·

263 4165 308 4220 sil.
394 4167 448 4238 ipsi
468 4170 560 4226 luceat
572 4173 660 4228 Bern.
679 4175 724 4231 bc
740 4176 891 4232 deBast'l.
907 4177 974 4249 Ers.
987 4176 1089 4233 Bamb.
1104 4193 1123 4230 a
1138 4175 1153 4229 b
1170 4172 1246 4230 Oent.
1268 4173 1319 4245 ipsi
1341 4179 1368 4229 ut

266 4250 357 4305 luceat
370 4251 459 4307 Bern.
477 4272 504 4309 a.
528 4263 556 4311 ut
569 4257 623 4329 ipsi
642 4260 734 4316 luceat
751 4261 820 4334 Rey.
833 4260 904 4317 tau.
989 4265 1043 4322 390
1063 4261 1141 4332 ipsus
1159 4257 1279 4315 delectat
1291 4260 1365 4314 laetat

266 4331 297 4388 0.
313 4333 488 4393 attrectas.
507 4341 569 4412 Ipse
585 4342 705 4401 delectat
720 4343 820 4401 tr'bri'
1213 4359 1220 4372 ,
1313 4363 1316 4370 .
