2984 5048
552 455 794 526 RELIQVIAE

652 625 681 696 ll

149 757 191 822 35
217 799 538 820 ......
593 747 724 838 prolalo
746 768 825 817 aere
847 745 950 816 astitit

617 935 729 1006 AIAX

649 1073 663 1142 Ι
676 1070 693 1107 tl*

219 1189 406 1302 salmacida
426 1190 534 1283 spolia
556 1195 627 1261 sine
648 1191 771 1262 sudore
793 1193 825 1261 et
843 1188 1007 1304 sanguine

569 1361 570 1364 ,
641 1327 668 1397 H
683 1326 699 1364 ss

217 1445 290 1517 Hoc
314 1449 426 1518 limen
447 1448 617 1519 iubeirncsl
640 1448 730 1541 quod
749 1447 783 1518 in
804 1448 897 1518 caelo
917 1439 1041 1564 cerno?

623 1583 665 1653 lll
679 1581 718 1620 l*

281 1755 290 1771 .
343 1706 453 1773 utrum
471 1703 567 1774 hacin
589 1701 705 1772 leriam
725 1724 767 1771 an
788 1703 829 1776 ab
852 1701 949 1772 laeui
970 1700 1080 1771 lalus?

648 1839 695 1908 lV

220 1956 283 2042 Qui
302 1958 373 2030 re'm
392 1981 466 2030 cunt
484 1958 623 2030 Achiuis
646 1958 827 2052 gesserunt
846 1959 956 2029 sialim
1010 2010 1018 2026 .
1072 2009 1081 2027 .

149 2157 173 2206 Il
192 2157 281 2207 Festus
295 2174 321 2224 p.
337 2161 389 2211 242
403 2159 437 2210 tt.
468 2159 613 2226 ‘prolato
635 2175 709 2211 aere
729 2161 839 2210 astitit
860 2160 957 2210 Ennius
972 2156 1089 2209 Achillae
1111 2159 1150 2208 ia’
1174 2157 1227 2225 (itt

115 2226 252 2277 Achille
267 2226 397 2294 Scaliger)
417 2230 576 2279 ‘Aristarchi
591 2245 649 2280 cum
664 2231 712 2291 ait,
732 2229 861 2296 significat
874 2229 965 2294 clypeo
981 2235 1039 2278 ante
1051 2242 1079 2277 se
1091 2229 1226 2295 protento!

115 2295 209 2346 Paulus
226 2311 253 2362 p.
273 2297 324 2349 243
336 2299 370 2348 Μ.
397 2303 404 2326 ‘
411 2299 549 2364 prolato
567 2315 645 2351 aere
666 2301 736 2366 apud
752 2299 862 2350 Ennium
881 2298 1009 2365 significat
1029 2305 1101 2349 scuto
1121 2305 1178 2349 ante
1199 2314 1228 2348 se

114 2369 249 2431 protento!

150 2436 224 2486 Atax
257 2437 271 2486 I
288 2436 377 2487 Festus
395 2451 422 2502 p.
436 2435 489 2489 329
502 2437 537 2488 Μ.
565 2436 747 2488 ‘Salmacis
763 2438 867 2488 nomine
883 2437 998 2502 nympha
1010 2435 1081 2487 Caeli
1097 2444 1122 2486 et
1132 2437 1226 2488 Terrae

113 2504 168 2554 filia
185 2505 266 2556 fertur
285 2521 362 2556 causa
379 2505 457 2556 fontis
478 2507 638 2556 Halicarnasi
664 2522 746 2570 aquae
770 2505 941 2574 appellandae
961 2505 1043 2556 luisse
1062 2505 1226 2568 Salmacidis,

115 2589 192 2636 quam
205 2575 250 2639 qui
265 2575 390 2636 bibisset,
409 2577 473 2626 uitio
487 2577 664 2642 impudicitiae
677 2577 845 2627 mollesceret.
874 2575 912 2625 ob
929 2589 985 2625 eam
998 2589 1067 2635 rem,
1087 2576 1158 2638 quod
1171 2578 1226 2626 eius

95 2691 99 2696 .
114 2645 199 2694 aditus
217 2653 366 2711 angustatus
381 2645 522 2710 parietibus
537 2647 698 2696 occasionem
716 2645 823 2712 largitur
838 2645 974 2695 iuuenibus
989 2645 1163 2710 petulantibus
1181 2661 1226 2696 an-

113 2715 283 2764 tecedentium
295 2729 433 2781 puerorum
446 2715 641 2780 puellarumque
654 2715 848 2775 uiolandsrum,
865 2715 928 2778 qnia
941 2729 991 2764 non
1006 2722 1076 2780 patet
1086 2715 1224 2783 reingium.

114 2783 211 2832 Ennius
227 2784 282 2832 ...'
313 2785 401 2834 Cicero
415 2784 447 2834 de
461 2783 504 2834 off.
522 2785 533 2832 1
548 2784 589 2845 18,
603 2785 635 2836 61
656 2787 756 2848 ‘itaque
776 2786 802 2835 itt
816 2785 918 2850 probris
933 2785 1044 2834 maxime
1062 2785 1087 2833 in
1105 2793 1226 2850 promptu

114 2860 169 2913 est,
190 2853 213 2901 si
228 2852 291 2915 qnid
304 2853 355 2904 tale
374 2854 425 2903 dici
443 2861 539 2918 potest:
555 2869 613 2904 -nos
627 2856 695 2904 enim
714 2856 820 2905 iuuenes
834 2856 947 2904 animum
961 2854 1051 2920 geritis
1065 2855 1225 2915 muliebrem,

114 2922 160 2970 illa
172 2923 246 2988 uirgo
257 2923 317 2983 uiri,
333 2931 357 2972 et
369 2924 391 2972 si
405 2923 467 2985 quid
481 2925 536 2972 eius
550 2924 633 2974 modi:
651 2924 808 2974 Salmacida'
823 2939 845 2974 e.
858 2940 882 2987 q.
894 2939 915 2973 e.
943 2924 984 2973 Ad
997 2924 1103 2974 Aiacem
1119 2923 1148 2974 0.
1164 2925 1226 2974 Rib-

113 2992 220 3042 becltius
233 2991 311 3042 reiett
381 2994 403 3043 Il
423 2994 504 3042 Varro
517 2994 591 3044 deb.
606 2993 635 3043 L.
652 2995 688 3043 VI
703 2994 720 3047 6
733 2995 767 3044 Μ.
794 2997 837 3044 ‘ut
855 3001 913 3044 ante
933 2993 1014 3043 solem
1035 3001 1131 3055 ortum,
1157 2994 1226 3058 quod

115 3061 204 3110 eadem
226 3061 302 3111 stella
318 3070 425 3112 uocatur
448 3063 555 3123 iubar,
585 3064 654 3126 quod
673 3064 776 3124 iubata,
802 3065 963 3113 Pacuuianus
983 3063 1045 3112 dicit
1063 3072 1152 3129 pastor

113 3131 189 3180 Ennii
209 3132 291 3181 Aiax:
314 3131 364 3182 hoc
385 3132 482 3184 lumen'
507 3149 530 3182 e.
551 3149 575 3196 q.
596 3149 617 3182 s.
647 3133 789 3200 (Ennius
806 3135 889 3182 Aiax
905 3133 1010 3182 lumen
1026 3132 1099 3197 libri)
1127 3134 1224 3183 Ibidem

113 3202 149 3250 VI
166 3199 198 3250 81
214 3201 247 3250 Μ.
269 3205 377 3251 ‘cerno
391 3202 459 3252 idem
472 3202 554 3252 ualet:
574 3204 660 3265 itaque
671 3219 718 3268 pro
731 3203 806 3252 uideo
821 3203 858 3251 ait
870 3203 984 3252 Ennius:
1004 3202 1102 3252 lumen'
1122 3219 1145 3252 e.
1162 3219 1186 3265 q.
1202 3217 1224 3251 s.

113 3271 211 3320 Ibidem
221 3271 269 3320 VII
279 3271 313 3322 76
324 3271 357 3321 Μ.
374 3273 489 3337 ‘trigona
502 3271 605 3321 iaciant.
634 3273 776 3335 Aliquod
788 3271 909 3321 lumen'
926 3287 948 3320 e.
960 3287 985 3334 q.
995 3285 1016 3320 s.
1039 3272 1147 3321 ‘iubar
1161 3272 1226 3321 dici-

113 3348 154 3389 tur
173 3341 249 3391 stella
269 3340 386 3401 Lucifer,
411 3355 490 3404 quase
507 3343 533 3391 in
553 3350 654 3391 summo
673 3342 742 3405 quod
759 3340 837 3392 habet
856 3342 941 3390 lumen
959 3339 1080 3390 diffusum
1097 3349 1124 3391 ut
1140 3342 1179 3392 leo
1199 3341 1225 3390 in

115 3411 199 3475 capite
218 3410 324 3460 iubam'
396 3412 431 3460 111
455 3411 559 3460 Plautus
579 3411 675 3462 Cistell.
701 3413 736 3460 111
759 3411 790 3463 10
816 3415 912 3462 ‘utrum
930 3409 1007 3460 bacin
1025 3409 1118 3460 feriam
1138 3425 1170 3460 un
1192 3411 1223 3460 ab

93 3479 189 3528 ¹laeua
204 3477 301 3528 latusi'
331 3479 370 3530 Gi.
387 3480 537 3530 ludewicus
554 3481 628 3530 Attal.
651 3497 720 3531 scen.
740 3496 767 3546 p.
782 3482 816 3531 22
884 3481 920 3530 tv
944 3480 1041 3530 Nonius
1063 3496 1090 3546 p.
1110 3479 1170 3541 393,
1192 3479 1225 3532 ta

114 3550 239 3597 ‘statim
253 3548 378 3613 producta
390 3550 474 3613 prima
487 3549 586 3613 syllaba
600 3565 615 3599 a
629 3551 728 3610 stando,
749 3559 942 3615 perseueranter
955 3559 980 3600 et
991 3550 1132 3613 acqualiter
1144 3551 1225 3616 signi—

114 3617 183 3666 licat.
208 3617 341 3667 Terentius
357 3616 470 3682 [Phorm.
486 3620 509 3668 V
523 3617 549 3678 3,
564 3618 590 3683 7]
616 3620 720 3669 Plautus
734 3619 890 3684 Amiltryone
911 3619 933 3685 [l
949 3618 1030 3683 1,841
1050 3619 1119 3670 idem
1135 3621 1162 3668 in
1182 3635 1224 3669 ea-

115 3686 173 3735 dem
196 3683 218 3751 [l
233 3687 256 3747 1,
274 3683 336 3751 120]
358 3687 455 3736 Ennius
469 3688 548 3738 Aiace
564 3723 582 3736 ..
594 3689 614 3736 .'

156 3865 191 3920 36
208 3859 369 3918 Salmacida
385 3862 477 3933 spolia
492 3861 617 3934 Scclr'per
631 3861 705 3918 Lect.
725 3862 829 3920 Aaron.
844 3859 865 3919 Ι
874 3867 918 3922 18.
935 3862 975 3935 cf.
994 3861 1136 3919 Turnebus
1151 3861 1222 3920 Adra

113 3944 257 4002 XXVIII
268 3949 313 4005 39.
331 3947 474 4004 Salmacid
488 3949 597 4019 aspolla
610 3949 671 4004 cod.
686 3947 769 4004 Festi.
791 3946 913 4006 Salmaci
936 3947 973 4004 da
995 3949 1086 4020 spolia
1100 3950 1182 4021 culpo

113 4032 217 4086 sudore
239 4036 265 4084 ei
287 4032 424 4104 sanguine
441 4031 545 4088 cicero.
568 4033 705 4105 sanguine
725 4039 753 4087 et
773 4033 991 4090 sudoremque
1094 4035 1129 4092 37
1151 4033 1224 4089 Aiax

114 4116 173 4170 Hoc
197 4117 292 4170 lumen
312 4117 456 4172 iubarnest
475 4117 551 4188 quod
572 4114 602 4172 Ο.
621 4116 794 4173 Ribbeckius.
817 4119 891 4173 Aiax
910 4119 1003 4172 lumen
1024 4118 1140 4174 iubarue
1162 4119 1226 4174 lion·

120 4198 164 4255 VI
174 4204 199 4266 6,
220 4202 276 4256 nasa’
288 4202 362 4274 quood
375 4201 492 4256 iubarne
507 4201 602 4257 Hauc.
623 4203 737 4274 aliquod
753 4203 872 4274 (aliquoi
887 4201 980 4271 Geta.)
1000 4203 1093 4258 lumen
1108 4205 1224 4259 iubarne

113 4284 178 4339 libri
192 4283 254 4340 VII
261 4287 304 4345 76.
322 4287 415 4341 lumen
431 4286 545 4342 iubarne
561 4285 625 4342 libri
643 4285 686 4342 VI
692 4291 726 4346 at
744 4286 784 4359 cf.
795 4301 884 4359 cupra
968 4289 1003 4346 38
1018 4285 1103 4344 hucin
1116 4286 1223 4344 (1.1116-

114 4361 225 4423 beclciue'
233 4384 266 4440 p.
279 4369 340 4428 171.
355 4367 409 4428 bac
425 4385 470 4426 mc
485 4369 548 4427 libri
