3112 5040
614 455 858 525 nntrovras

711 622 757 692 lX

278 741 427 834 Denique
448 741 481 810 ui
505 763 627 834 magna
646 741 836 835 quadrupes
860 765 963 837 eques
986 749 1084 838 atque
1106 749 1237 818 elefanti

279 843 447 934 Projcinnt
467 867 544 916 sese

711 961 743 1031 X

278 1081 389 1152 Haece
408 1081 539 1152 locutus
560 1085 659 1153 uocat
682 1103 824 1175 quocum
844 1082 927 1153 bene
950 1105 1053 1176 saepe
1074 1083 1213 1157 libenter

189 1193 250 1256 tto
277 1186 425 1256 Mensam
443 1207 681 1280 sermonesque
702 1207 784 1255 suos
807 1207 982 1281 rerumque
1002 1209 1136 1258 suarum

207 1387 243 1437 lX
267 1387 366 1438 Gellius
378 1387 464 1437 XVlll
476 1391 502 1448 5,
516 1390 534 1437 4
559 1388 662 1451 ‘quern'
684 1387 734 1453 (sc.
752 1388 927 1438 Ennianistam
942 1387 986 1451 qui
1003 1389 1079 1438 Ennii
1094 1389 1199 1440 annales
1216 1391 1286 1456 lege.

172 1455 229 1521 bat)
250 1459 322 1506 ‘eum
341 1459 393 1507 iam
413 1457 479 1507 inter
493 1457 610 1523 ingentes
619 1457 747 1508 clamores
760 1458 888 1523 legentem
901 1457 1089 1510 inuenissemns
1112 1458 1229 1524 (legebat
1241 1476 1286 1509 au-

172 1533 221 1576 tem
235 1527 327 1576 librum
345 1542 378 1577 ex
392 1527 527 1576 annalibus
539 1526 615 1576 Ennii
631 1523 799 1591 septimum),
826 1525 874 1575 hos
895 1542 951 1576 enm
965 1529 1075 1594 primum
1089 1543 1179 1578 uersus
1193 1545 1286 1594 perpe-

172 1611 226 1646 ram
243 1597 448 1661 pronuntiantem
468 1595 626 1645 audiuimus:
647 1596 757 1658 denique
825 1597 899 1644 ecns’
922 1613 945 1646 e.
961 1613 986 1660 q.
1001 1613 1023 1647 a.
1047 1598 1143 1664 (ecus
1161 1598 1283 1664 Magliab.

171 1665 344 1731 quadrupe
364 1681 460 1715 secus
472 1665 537 1731 Reg.
551 1679 653 1728 eques
667 1666 743 1714 Voss.
763 1680 864 1728 equus
881 1664 971 1731 ceteri)
992 1670 1089 1730 ‘neque
1099 1667 1185 1718 multis
1195 1676 1286 1734 postea

169 1736 288 1796 uersibus
302 1734 397 1785 additis
412 1733 598 1786 celebrantibus
615 1750 673 1785 eum
687 1735 901 1798 laudantibusque
920 1737 1038 1786 omnibns
1051 1737 1178 1788 discessit.
1197 1738 1284 1790 bTum

171 1805 284 1854 lulianus
298 1805 433 1871 egrediens
445 1821 459 1854 e
473 1804 583 1854 theatro:
609 1803 672 1868 qnid
686 1805 760 1855 uobis
780 1805 861 1867 inquit
874 1804 906 1853 de
919 1804 968 1854 hoc
986 1815 1126 1872 anagnosta
1141 1807 1209 1857 etde
1222 1823 1284 1871 qua-

170 1874 286 1940 drupede
302 1889 367 1937 equo
384 1874 503 1924 uidetur?
527 1875 565 1924 sic
583 1875 651 1924 enim
670 1873 784 1938 prolecto
803 1874 877 1940 legit:
902 1875 1012 1938 denique
1079 1877 1152 1926 ecus'
1178 1894 1201 1927 e.
1218 1892 1243 1939 q.
1259 1893 1281 1927 s.

167 1944 288 2008 (equfls
313 1945 390 1994 Voss.
417 1944 590 2008 quadrupe
613 1958 709 1994 secus
729 1943 794 2008 lieg.
823 1959 857 1992 m.
881 1959 921 2008 pr.
951 1945 1147 2011 quadrupes
1176 1962 1283 2008 equus

167 2013 231 2079 licg.
247 2029 281 2064 ιιι.
297 2013 340 2062 alt.
357 2011 448 2076 ceteri)
474 2013 582 2076 ‘ecquid
596 2013 704 2078 putatis,
725 2011 748 2061 si
762 2013 911 2076 magistrum
926 2014 1159 2078 praelectoremque
1178 2016 1283 2066 habuis-

167 2090 205 2132 set
227 2083 336 2132 alicuius
355 2083 439 2142 aeris‚
468 2082 659 2147 quadrupes
677 2097 780 2145 equus
803 2081 929 2131 dicturum
949 2083 1045 2145 luisse,
1074 2099 1110 2133 ac
1126 2099 1189 2133 non
1204 2100 1282 2148 qua-

87 2141 89 2148 ’
167 2152 288 2217 drupes
310 2153 429 2215 eques'l
453 2151 521 2214 quod
533 2152 565 2200 ab
579 2153 660 2202 Ennio
678 2153 713 2201 ita
725 2152 849 2216 scriptum
863 2151 1029 2216 relictumque
1048 2169 1105 2203 esse
1123 2169 1197 2203 nemo
1216 2169 1281 2204 unus

168 2221 308 2272 litterarum
322 2230 437 2271 ueterum
452 2221 563 2286 diligens
577 2221 713 2270 dubitauit.
735 2247 770 2257 —
787 2246 822 2256 -
840 2218 972 2270 Sedenim
987 2232 1120 2273 contentus
1138 2223 1219 2286 inquit
1232 2239 1281 2290 ego
1315 2267 1319 2276 .

167 2290 208 2340 his
221 2306 272 2341 non
286 2291 338 2340 lui:
366 2300 390 2341 et
404 2297 430 2339 ut
445 2304 494 2339 non
509 2290 626 2340 turbidae
638 2289 698 2340 lldei
713 2304 759 2338 nec
773 2290 923 2355 ambiguae,
950 2293 996 2341 sed
1007 2300 1034 2341 ut
1049 2307 1129 2358 purae
1147 2291 1281 2356 liquentis-

166 2375 215 2423 que
234 2368 317 2420 esset,
337 2374 480 2421 equusne
496 2374 528 2408 an
549 2374 649 2422 eques
662 2359 759 2409 Ennius
778 2359 901 2423 scriptum
919 2359 1078 2422 reliquisset,
1104 2361 1196 2410 librum
1211 2377 1281 2412 sum-

166 2445 221 2480 mae
244 2437 319 2492 atque
339 2428 495 2481 reuerendae
515 2429 664 2487 uetustatis,
690 2444 765 2491 quem
786 2427 839 2476 lere
858 2429 990 2478 constabat
1004 2429 1187 2495 Lampadionis
1202 2447 1280 2482 manu

166 2499 342 2558 emendatum,
362 2499 448 2548 studio
459 2499 593 2563 pretioque
606 2497 685 2548 multo
699 2497 774 2545 unius
788 2511 878 2545 uersus
891 2497 1045 2563 inspiciendi
1057 2499 1140 2564 gratia
1153 2500 1278 2550 conduxi:

165 2577 317 2631 alequas,
334 2582 383 2616 non
399 2582 519 2630 equus,
534 2567 693 2631 scriptumin
704 2566 848 2615 eolrmenif
866 2565 1103 2632 Noninsp.106,3l
1118 2569 1279 2630 ‘equitem

164 2652 211 2701 pro
230 2652 304 2701 equo.
324 2638 403 2701 Verg.
426 2635 608 2700 Georgicorum
631 2635 746 2684 libili:
769 2633 841 2698 [115]
869 2635 967 2685 Ennius
989 2636 1074 2686 annali
1093 2636 1216 2689 lib.vl1:
1241 2654 1279 2688 an

163 2705 646 2770 nonquadrupedeseqnites.'
673 2703 1042 2769 (acuonltothiuseGellii
1055 2706 1072 2755 l.
1086 2705 1105 2754 l.
1120 2706 1189 2756 unde
1202 2707 1279 2758 etiarn

164 2777 355 2840 quadrupes
375 2789 474 2838 eques
494 2772 570 2822 Nonii
585 2773 762 2840 neglegentiae
779 2773 963 2824 restituendum
980 2773 1042 2840 luit)
1065 2775 1209 2826 Macrobius
1223 2775 1276 2827 Sat.

163 2846 200 2894 Vl
213 2843 230 2895 9
243 2861 269 2910 p.
284 2843 335 2895 548
348 2845 406 2893 lan.
436 2845 537 2893 ‘omnes
550 2843 617 2892 enim
631 2843 728 2905 antiqui
747 2843 886 2908 scriptores
897 2851 924 2892 ut
939 2844 1068 2894 hominem
1087 2860 1153 2908 equo
1164 2845 1278 2896 insiden-

164 2921 229 2972 tem,
247 2916 283 2962 ita
296 2921 321 2964 et
335 2928 429 2976 equum
442 2927 498 2961 cum
512 2919 626 2977 portaret
639 2912 768 2962 hominem
783 2927 843 2973 equ
852 2913 926 2962 item
943 2921 1099 2964 uocauerunt
1120 2923 1144 2964 et
1162 2915 1278 2978 equitare

166 2996 215 3031 non
235 2983 364 3032 hominem
380 2990 476 3032 tantum
490 2982 536 3032 sed
555 2996 648 3044 equum
661 2995 762 3044 qnoque
781 2981 910 3034 dixerunt.
943 2983 1040 3032 Ennius
1061 2985 1127 3034 libro
1146 2985 1277 3035 annalium

164 3053 272 3117 septimo
286 3053 334 3101 ait:
355 3052 477 3114 denique'
498 3068 520 3101 e.
535 3067 559 3114 q.
575 3065 597 3100 s.
621 3050 789 3117 Philargyrus
800 3050 826 3099 in
839 3049 931 3117 Georg.
946 3052 982 3101 lll
996 3053 1046 3104 116
1064 3053 1122 3102 ‘hio
1135 3057 1276 3116 equitem

162 3123 216 3172 sine
230 3122 308 3172 dnbio
324 3136 416 3184 equum
435 3121 510 3181 dicit,
534 3121 646 3170 maxime
660 3136 716 3170 curn
735 3119 827 3169 inierat
846 3120 968 3172 insultare
982 3121 1046 3172 solo.
1080 3121 1177 3172 Ennius
1197 3137 1276 3172 anna-

161 3191 224 3241 lium
236 3192 284 3240 Vll
301 3191 360 3240 ...¹
432 3190 456 3239 X
476 3189 572 3241 Gellius
585 3190 664 3239 x114
694 3189 866 3253 ‘descriptum
889 3189 1071 3254 definitumque
1091 3199 1163 3240 esta
1183 3190 1275 3250 Quinto

160 3261 241 3311 Ennio
260 3261 286 3309 in
306 3258 392 3309 annali
408 3259 516 3326 septimo
534 3258 657 3324 graphice
682 3258 820 3308 admodum
836 3259 950 3321 sciteque
969 3261 1026 3308 snb
1048 3259 1195 3310 historia
1216 3260 1275 3311 Ge-

160 3331 239 3378 mini
260 3329 408 3380 Seruilii
432 3329 481 3378 uiri
502 3329 597 3379 nobilis
623 3343 672 3391 quo
693 3328 797 3393 ingenio
821 3342 872 3390 qna
895 3329 1028 3378 eomitate'
1052 3345 1074 3378 e.
1099 3345 1123 3392 q.
1143 3345 1164 3379 s.
1193 3332 1275 3380 ‘ami-

160 3413 217 3448 cum
229 3413 286 3448 esse
295 3399 430 3448 conueniat
440 3398 551 3448 hominis
560 3413 654 3465 genere
665 3403 690 3448 et
700 3397 801 3447 lortuna
810 3398 951 3462 superioris
962 3425 1040 3436 -·-
1051 3398 1164 3449 haece'
1180 3416 1202 3450 e.
1215 3415 1240 3462 q.
1250 3415 1271 3450 s.

160 3467 205 3516 Ἰ..
224 3467 325 3518 Aelium
340 3466 464 3517 Stilonem
485 3467 571 3518 dicere
589 3468 692 3518 solitum
706 3467 806 3527 lerunt,
834 3465 863 3525 Q.
877 3468 987 3518 Ennium
1000 3470 1032 3518 de
1044 3476 1124 3519 semet
1138 3469 1196 3534 ipso
1209 3469 1274 3520 haec

160 3537 297 3601 scripsisse
315 3537 491 3601 picturamque
510 3538 584 3586 istam
597 3551 696 3586 morum
717 3545 741 3586 et
754 3537 851 3601 ingenii
865 3537 947 3600 ipsius
960 3537 989 3597 Q.
999 3538 1075 3588 Ennii
1089 3539 1183 3588 iactam
1197 3541 1271 3590 esse!

160 3605 205 3672 (L.
220 3605 347 3655 Aelium
420 3619 491 3654 esse
509 3620 560 3655 om.
574 3600 667 3668 Voss.)
693 3604 731 3654 Gi.
746 3605 757 3652 1
771 3605 802 3654 lr.
819 3604 895 3654 XXX

157 3774 213 3834 ΙΙΙ
229 3780 289 3835 159.
312 3777 377 3832 exin
393 3777 500 3834 Paulus
603 3779 656 3837 237
679 3781 743 3833 onte
765 3776 887 3848 denique
910 3777 919 3832 i
938 3791 1051 3834 erasum
1064 3779 1093 3833 in
1109 3777 1177 3852 Req.
1194 3779 1274 3836 Gellii

157 3865 211 3928 §4
297 3857 337 3935 ui]
371 3863 455 3919 litura
488 3865 517 3918 in
538 3861 607 3938 aeq.
633 3861 712 3919 Gellii
738 3865 754 3928 S
777 3866 803 3920 4.
832 3861 860 3915 in
880 3861 986 3934 Anglic.
1014 3861 1166 3927 Macrobii,
1198 3863 1269 3936 ch.

158 3947 237 4004 Gellii
249 3949 266 4010 S
279 3951 296 4004 5
381 3950 477 4021 magna
497 3947 573 4006 Voss.
589 3947 668 4005 Getta
679 3951 695 4012 S
705 3953 732 4005 5.
750 3947 777 4001 ui
793 3962 897 4018 magna
910 3961 949 4002 ex
962 3962 1039 4001 corr.
1054 3950 1083 4002 in
1092 3947 1179 4019 Luqd.
1194 3948 1273 4004 Gellii

158 4032 362 4100 §l(ictmm.
375 4032 571 4100 all.a'nlituro)
656 4031 752 4103 atque]
768 4036 816 4086 aut
830 4031 918 4104 Luqd.
934 4031 1069 4096 Gettttss
1157 4033 1269 4088 elefanti

164 4115 241 4172 Voss.
254 4115 334 4172 Gellii
342 4121 357 4182 S
365 4120 391 4174 4.
409 4115 550 4190 elephanti
562 4117 647 4173 ceteri
740 4119 793 4174 938
806 4115 946 4186 proiciunt
957 4114 1021 4170 libri
1112 4119 1165 4174 239
1177 4116 1267 4172 haece

158 4201 267 4254 locutus
291 4198 457 4271 Stephanus.
489 4201 562 4256 haec
586 4199 651 4268 (hec
677 4199 747 4272 ch.
769 4199 823 4254 hee
846 4198 934 4271 Lttqd.
966 4194 1012 4252 h⁷-
1039 4198 1143 4266 Bcrn.)
1174 4203 1267 4258 elocu-

139 4289 201 4336 'tus
217 4284 522 4358 (eloqnutusMcqliab.
541 4285 778 4370 elocutionem.)
795 4283 859 4339 libri
906 4293 911 4304 “
942 4299 1063 4353 quocum
1078 4283 1187 4340 Thoan.
1202 4289 1267 4342 teste

158 4365 304 4424 Gronouio.
322 4369 478 4441 quodcum
493 4369 563 4446 neq.
586 4368 728 4442 quodcum
742 4369 828 4425 ceteri
929 4371 982 4427 240
1003 4382 1165 4445 mensqram
1188 4369 1264 4428 Voss.
