3112 5040
618 458 847 514 ΕΝΝΙΑΝΑΕ
1149 468 1286 518 Lxxxlx

178 639 240 681 rem
263 621 291 680 hi
314 637 417 680 uersus
439 638 586 680 numerum
609 621 781 682 exhibeant:
806 641 844 681 ex
865 621 922 681 hoc
945 624 1019 682 enirn
1041 640 1149 682 uereor
1169 633 1199 683 ut
1222 642 1287 684 corn

177 728 277 806 aliqua
299 724 503 805 probabilitate
530 726 675 786 Sotadeas
700 729 868 788 suscitetur·
900 737 1000 788 contra
1023 745 1061 788 ex
1081 738 1205 807 utroque
1228 729 1286 788 leni

177 850 263 892 manu
279 832 375 911 possis
391 833 587 892 Saturniorum
605 833 762 910 particulas
780 834 965 912 confingere:
984 843 1032 890 μ’
1045 853 1132 909 neque
1149 836 1194 894 itte
1211 838 1288 895 triste

179 971 189 982 ·
213 939 352 1015 quadmtcit
382 937 478 1013 sindpa'
502 942 597 1014 Neque
625 942 710 1014 coe'pe
738 943 870 1000 mae'stum
893 947 936 994 L„
958 948 1003 998 et:
1024 939 1122 995 2:22
1139 961 1202 1000 cum
1221 946 1286 1017 apd-

178 1051 216 1104 liu
229 1079 239 1086 -
250 1047 360 1120 perarma
377 1045 556 1104 de'trcueritis
576 1048 663 1116 Quam
683 1049 887 1122 inscriptionem
905 1048 1012 1106 dubius.
1054 1045 1126 1106 Narn
1147 1046 1218 1106 illud
1236 1046 1287 1106 ab·

179 1167 280 1209 sonum
299 1158 360 1224 est,
385 1149 461 1226 quod
479 1149 592 1226 quidam
611 1147 658 1208 hic
674 1167 808 1210 uersuum
829 1152 897 1213 nihil
913 1153 1025 1212 odorati
1043 1153 1210 1231 pedestrem
1223 1163 1286 1212 ort·

180 1255 287 1314 tionem
311 1272 378 1314 esse
401 1255 509 1332 opinati
533 1262 608 1313 sont.

196 1355 198 1358 ’
265 1359 344 1420 lntar
366 1362 445 1437 ipsas
468 1359 550 1419 Ennii
574 1359 713 1437 reliquias
739 1365 801 1422 iure
824 1381 890 1423 meo
914 1365 1018 1442 opinor
1041 1381 1056 1423 a
1080 1361 1175 1423 Gellio
1198 1359 1224 1420 ll
1247 1359 1287 1420 29

181 1465 312 1526 traditam
331 1464 443 1544 Aesopi
463 1463 588 1524 labalam
608 1471 710 1546 recepi
733 1470 805 1546 (inc.
828 1479 882 1528 sat.
899 1468 972 1549 lll):
997 1486 1081 1547 quarn
1099 1467 1149 1526 ille
1173 1465 1209 1524 alr
1232 1465 1289 1524 hoc

181 1580 269 1651 poeta
289 1570 436 1649 quadratis
458 1569 592 1630 uersibus
615 1575 805 1651 compositam
827 1575 922 1634 tradit.
969 1574 1122 1634 Nimirum
1146 1581 1193 1631 aut
1214 1571 1289 1632 lallit

181 1697 226 1738 me
249 1695 352 1738 sensus
380 1685 427 1734 aut
448 1674 487 1735 ibi
511 1674 622 1735 Gellius
650 1674 715 1753 plus
739 1693 823 1752 quam
851 1685 1049 1752 argumentum
1072 1677 1219 1744 Ennianae
1243 1694 1287 1736 sa·

180 1795 262 1844 torae
285 1781 421 1842 seruauit.
457 1777 528 1838 Cum
551 1781 802 1840 euimnarrationi
824 1782 906 1858 ipsos
928 1781 1031 1858 quibus
1054 1789 1142 1861 potita
1164 1781 1290 1842 labulam

183 1887 357 1950 concluserit
380 1903 484 1944 uersas
507 1885 645 1960 subiciat,
668 1903 726 1945 non
747 1895 802 1946 tarn
826 1905 863 1944 ex
886 1886 1008 1964 Aesopo
1032 1907 1082 1948 sua
1105 1888 1288 1948 conuertisse

181 2010 264 2070 quam
286 1991 370 2051 Ennii
391 2008 507 2050 carmen
528 1999 646 2050 secutus
665 1993 852 2050 contexuisse
873 2007 1036 2050 sermonem
1059 1994 1183 2054 uidetur.
1212 1993 1250 2052 Vt
1272 2012 1290 2052 a

182 2104 269 2176 poeta
298 2094 381 2155 color
409 2093 522 2173 quidam
551 2097 725 2174 antiquitatis
752 2097 917 2174 supersit,
946 2115 1030 2174 quern
1050 2100 1100 2159 uel
1120 2098 1175 2158 hae
1198 2098 1290 2158 sicces

180 2223 215 2264 ac
237 2202 400 2263 locationes
423 2218 549 2277 arguere
568 2201 735 2262 uideantur:
754 2209 828 2278 pulli
848 2207 1078 2278 tremibunda,
1098 2208 1289 2278 trepiduli,
1365 2184 1368 2190 ¹

181 2315 224 2369 die
241 2312 370 2377 crastini,
393 2312 502 2366 messim
521 2311 596 2365 dunc
617 2311 694 2365 modu
715 2313 860 2382 adiuuent,
883 2311 952 2368 lraec
974 2313 1021 2368 udi
1039 2315 1083 2369 ille
1104 2315 1174 2369 died
1191 2318 1218 2368 et
1233 2313 1289 2367 das-

181 2421 275 2488 cesait,
302 2415 480 2488 obsequibiles,
508 2418 599 2486 primo
622 2416 689 2483 luci,
717 2417 811 2472 nidum
840 2421 976 2489 mipruuit.
1024 2414 1082 2473 Sed
1105 2414 1180 2472 hacc
1207 2423 1289 2473 erunt

180 2521 306 2579 fortasse
330 2517 377 2595 qui
398 2518 491 2594 ipsum
510 2516 648 2593 Gellium,
673 2535 758 2594 quern
780 2521 955 2596 antiquitatis
976 2518 1137 2596 robiginem
1161 2519 1289 2596 inprimis

182 2626 335 2685 deamasse
364 2629 493 2694 constat,
527 2637 543 2678 e
575 2639 628 2680 suo
657 2625 833 2700 antiquarum
868 2625 1023 2684 dictionum
1044 2643 1120 2703 penu
1144 2623 1289 2700 sparsisse

184 2731 347 2809 opinentur.
393 2726 480 2786 Esto:
505 2735 533 2785 at
547 2727 613 2803 quid
635 2707 729 2786 dicant
753 2728 813 2805 itti,
837 2731 861 2789 si
883 2732 1011 2808 ipsorum
1030 2746 1164 2787 uersuum
1185 2727 1290 2805 quibus

181 2836 255 2895 hanc
287 2831 412 2893 fabulam
445 2831 554 2891 Ennius
587 2834 735 2891 contexuit
763 2834 902 2913 reliquias
934 2835 1072 2913 quasdam
1103 2851 1138 2892 ao
1166 2833 1289 2908 uestigia

182 2934 362 2998 ostendero?
390 2935 463 2996 Nam
484 2936 551 2995 uide
579 2954 643 2996 num
667 2955 751 2996 meae
782 2958 827 2998 me
850 2958 936 2999 aures
966 2939 1143 3013 fefellerint,
1176 2956 1240 2998 curn
1262 2940 1290 2996 in

182 3046 225 3105 his
248 3062 322 3122 quae
345 3051 424 3102 sunt:
454 3045 481 3101 el
500 3062 600 3101 munus
619 3049 674 3102 iam
695 3048 856 3117 posature·
881 3048 989 3105 me'ssim
1011 3049 1084 3103 hunc
1111 3048 1188 3104 nodia
1210 3045 1285 3104 tcm-

180 3159 260 3215 uent;
289 3149 378 3208 udum
407 3154 477 3208 dicto
498 3151 655 3214 oboediant,⁸
676 3156 697 3207 u
713 3152 772 3208 dr'e's
793 3159 819 3210 et
838 3155 921 3208 amici
939 3153 1010 3208 nulli
1028 3159 1123 3213 eruum
1143 3151 1197 3222 fiet
1216 3167 1290 3206 nunc

181 3258 261 3313 dudid
276 3260 381 3328 procul
387 3282 395 3320 ;
414 3259 470 3314 ndn
490 3263 604 3314 metum
626 3258 713 3330 ne'que
733 3263 902 3314 necessumst
922 3257 1001 3312 ltddie
1021 3259 1062 3312 uti
1081 3273 1131 3314 uos
1149 3257 1290 3329 auferam,

182 3376 245 3417 curn
268 3359 296 3416 in
316 3358 360 3417 his
376 3360 464 3435 igitur
484 3362 593 3419 numeri
612 3360 745 3439 quiddam
763 3361 904 3421 trochaici
924 3360 991 3418 milri
1013 3361 1092 3418 uisus
1113 3377 1174 3418 sum
1196 3358 1289 3435 perci·

182 3479 270 3536 pere:
286 3531 287 3536 η
301 3470 388 3539 atque
415 3462 547 3523 haecne
570 3464 698 3525 litterula
726 3467 839 3544 quidem
869 3468 1005 3526 inmutata
1028 3483 1061 3524 se
1089 3463 1289 3542 prodiderunt,

144 3616 146 3620 .
184 3564 258 3623 unde
289 3565 313 3621 si
348 3565 495 3642 proticisci
530 3568 616 3643 licet,
651 3572 776 3647 procliui
810 3571 1014 3631 emendatione
1050 3569 1175 3629 adhibita
1214 3569 1289 3628 aliae

185 3671 314 3730 eiusdem
334 3671 444 3728 numeri
467 3672 628 3748 particulae
652 3683 818 3750 emergunt,
848 3673 912 3732 uel:
942 3678 993 3732 uds
1015 3678 1092 3732 modo
1114 3677 1169 3732 ltoc
1187 3675 1290 3732 aduer-

182 3782 242 3844 tite·
263 3778 372 3852 siquid
391 3778 498 3834 dicetur
519 3778 624 3842 denum·
645 3782 676 3834 rit
696 3783 750 3835 iam
771 3783 859 3835 statim
879 3783 1015 3852 properet
1028 3783 1108 3853 inque
1129 3781 1213 3835 ulium
1230 3793 1291 3833 sese

182 3886 306 3959 asportet
323 3889 425 3942 locum:
448 3881 513 3940 alia.
561 3881 688 3955 Quorum
704 3892 734 3940 ut
755 3880 825 3940 nihil
846 3899 967 3940 reuera
991 3883 1046 3942 hac
1066 3881 1167 3959 specis
1188 3881 1216 3938 in
1233 3879 1290 3939 En·

182 3987 220 4045 nii
245 3995 342 4045 satura
354 3985 452 4060 luerit,
477 3994 571 4044 tamen
593 3995 636 4046 tot
659 3989 791 4067 dispersa
812 3989 839 4045 in
862 4005 915 4047 ona
935 3989 1098 4048 narratione
1119 3986 1201 4046 metri
1222 4003 1289 4044 ues-

182 4092 253 4167 tigia
274 4108 331 4150 non
353 4091 447 4169 aptius
469 4092 564 4170 repeti
586 4109 669 4169 quarn
692 4111 729 4152 ex
748 4094 811 4171 ipsa
834 4093 917 4152 Ennii
942 4093 1026 4172 poesi
1049 4091 1206 4150 concedes.

267 4194 402 4274 Denique
426 4197 453 4256 iu
475 4198 594 4257 incertis
616 4207 776 4258 saturarum
796 4198 877 4257 libris
897 4214 1000 4257 uersus
1020 4197 1160 4275 quosdam
1188 4215 1289 4256 recea-

183 4300 244 4374 sui,
271 4318 391 4382 quorum
412 4312 533 4365 metrum
555 4320 612 4364 non
639 4302 778 4364 abhorret
798 4303 835 4364 ab
857 4303 1027 4379 annalibus,
1052 4303 1103 4363 sed
1125 4322 1200 4384 quae
1223 4321 1289 4362 sen·
