3070 5032
554 373 746 434 INCERTO
758 376 850 434 RVNI
873 377 1101 436 LIBRORVM

807 545 853 614 XI

590 665 724 751 ’topper
747 684 961 754 quemnemo
982 664 1100 734 melius
1120 667 1183 736 scit

624 966 632 982 .
686 913 727 984 ad
749 918 912 983 armentas
933 916 1036 1006 ipsius
1058 917 1194 985 easdem

793 1049 866 1118 XIII

685 1167 747 1236 Irae
766 1168 859 1236 niues

786 1303 865 1372 XIV

809 1421 918 1490 buxus
940 1441 1080 1489 araneae

796 1556 861 1626 XV

601 1672 709 1742 buxus
730 1673 833 1760 uiola,
860 1677 959 1742 taxus
980 1675 1078 1740 tonsa

783 1821 863 1890 XVI

478 1943 577 2031 atque
600 1963 712 2032 genua
733 1939 915 2030 comprimit
938 1942 1119 2030 artagena

270 2149 308 2188 est
328 2138 392 2188 libro
412 2141 542 2189 seeundo’
579 2141 615 2190 XI
634 2141 723 2190 Festus
740 2157 766 2207 p.
782 2139 834 2192 352
847 2140 881 2189 Μ.
908 2138 1027 2189 ‘Sirmius
1044 2154 1105 2189 uero
1124 2140 1174 2188 sic:
1194 2147 1318 2205 topper
1337 2140 1397 2190 for-

270 2217 339 2257 tasse
359 2208 425 2257 ualet
444 2208 469 2256 in
483 2209 547 2257 Enni
563 2218 587 2259 et
599 2211 676 2259 Pacui
696 2212 808 2276 scriptis.
830 2209 899 2274 apud
918 2210 1025 2258 Ennium
1046 2217 1097 2258 est:
1118 2210 1221 2274 topper·
1243 2226 1265 2258 e.
1285 2226 1313 2272 q.
1330 2226 1355 2258 a.

304 2277 352 2326 XII
371 2277 476 2326 Seruius
498 2279 719 2332 tunen.111540
738 2281 872 2329 ‘dixerunt
890 2280 966 2328 etiam
987 2279 1084 2341 antiqui
1105 2285 1249 2327 armenta
1269 2279 1298 2328 in
1312 2279 1395 2328 femi—

270 2348 339 2396 nino.
367 2348 463 2396 Ennius
478 2348 524 2396 ...’
553 2347 649 2398 Nonius
664 2365 690 2415 p.
706 2349 764 2409 190,
778 2349 812 2400 20
831 2352 992 2398 ‘armenta
1006 2364 1099 2414 genere
1112 2355 1200 2398 neutro
1214 2347 1392 2412 plerumque;

270 2415 393 2466 feminino
414 2417 525 2466 Ennius:
549 2419 657 2484 ipsius
673 2419 712 2468 ad
731 2426 892 2468 armentas
911 2419 1054 2479 eosdem;
1075 2419 1108 2468 ad
1120 2419 1251 2468 armenta·
1287 2419 1392 2467 Paulus

271 2486 339 2534 Festi
353 2501 380 2550 p.
395 2488 412 2536 t
425 2486 458 2536 Μ.
484 2490 674 2538 ‘armentum
694 2488 722 2538 id
734 2503 815 2555 genus
828 2488 928 2552 peeoris
943 2487 1100 2552 appellatur,
1121 2488 1188 2551 quod
1202 2494 1240 2536 est
1259 2488 1389 2538 idoneum

271 2555 304 2604 ad
320 2569 385 2620 opus
402 2571 538 2606 armorum.
571 2559 687 2608 Inuenies
701 2565 786 2608 tamen
804 2555 925 2606 feminine
944 2567 1106 2606 armentas
1125 2557 1194 2621 apud
1206 2557 1318 2606 Ennium
1337 2571 1390 2621 po-

272 2624 368 2674 situm!
391 2625 444 2674 *Ad
456 2625 516 2675 Caci
531 2629 574 2687 qui
588 2628 667 2676 boues
681 2627 797 2678 Herculis
811 2627 931 2692 abegerat
946 2628 1115 2676 narrationem
1131 2626 1207 2676 refert
1221 2625 1350 2676 Columna

305 2693 369 2744 XIII
395 2696 507 2744 Incertus
529 2695 561 2744 de
582 2698 719 2762 generibus
738 2697 868 2747 nominum
892 2710 918 2759 p.
939 2695 972 2744 89
994 2696 1034 2746 ed.
1056 2697 1149 2761 Haupt.
1182 2696 1251 2744 ‘nix
1276 2697 1389 2760 generis

271 2762 401 2823 feminini,
421 2771 448 2812 ut
461 2764 558 2813 Ennius
573 2767 618 2814 ...’
689 2766 750 2816 XIV
768 2765 865 2815 Nouius
879 2780 905 2829 p.
923 2764 981 2824 192,
997 2765 1029 2815 13
1053 2770 1205 2814 ‘araneae
1225 2772 1249 2814 et
1261 2763 1387 2814 feminini

271 2840 329 2882 suut
342 2834 444 2898 generis
458 2858 493 2870 -
507 2859 539 2869 -
555 2835 651 2884 Ennius
666 2837 711 2884 ...'
781 2834 829 2884 XV
849 2833 946 2882 Nouius
958 2849 984 2898 p.
1002 2834 1060 2893 194,
1074 2833 1108 2884 23
1129 2827 1258 2884 ‘bulum
1275 2835 1385 2898 generis

271 2903 353 2951 neutri
432 2901 549 2952 feminIni
564 2904 661 2954 Ennius
677 2905 729 2954 ...'
799 2903 859 2952 XVI
883 2903 996 2952 Isidorus
1014 2903 1083 2968 Orig.
1105 2903 1141 2952 XI
1163 2903 1176 2963 i
1201 2907 1301 2968 ‘genua
1322 2913 1385 2952 sunt

271 2969 462 3020 commissiones
476 2971 601 3022 femorum
615 2982 639 3023 et
656 2989 756 3022 crurum
773 2981 797 3022 et
811 2973 878 3021 dicta
892 2987 975 3037 genua
987 2987 1017 3022 eo
1032 2973 1099 3035 quod
1118 2974 1144 3021 in
1158 2981 1227 3021 utero
1241 2973 1291 3021 sint
1305 2975 1384 3036 genis

274 3041 401 3106 opposita.
437 3040 577 3090 Cohaerent
600 3043 667 3091 enim
688 3044 736 3092 ibi’
756 3042 838 3106 (sibi
855 3041 901 3090 ibi
914 3039 1007 3106 uulgo)
1027 3046 1066 3091 ‘et
1085 3050 1193 3108 cognata
1210 3049 1268 3090 suut
1286 3041 1382 3101 oeulis,

273 3110 435 3160 lacrimarum
448 3110 576 3160 indicibus
589 3112 825 3162 etmiserieordiae.
852 3110 916 3159 Nam
931 3126 947 3159 a
960 3112 1033 3176 genis
1047 3125 1131 3176 genua
1146 3111 1270 3160 dicuutur.
1299 3109 1382 3160 Deni-
1478 3151 1479 3154 ,

273 3196 322 3242 que
340 3179 518 3244 complicatum
537 3182 610 3247 gigni
629 3181 784 3244 formarique
804 3179 933 3228 hominem
951 3181 1051 3239 dieunt,
1076 3181 1111 3228 ita
1128 3188 1154 3228 ut
1172 3195 1256 3245 genua
1276 3194 1379 3228 sursum

271 3251 336 3308 siut,
360 3249 452 3310 quibus
471 3250 538 3299 oculi
556 3251 711 3312 formantur,
735 3259 763 3299 ut
781 3251 837 3300 cani
850 3257 881 3298 et
900 3250 1024 3298 reconditi
1043 3248 1112 3298 flant.
1147 3249 1255 3298 Ennius:
1281 3255 1378 3310 atque

231 3350 234 3359 v
270 3332 375 3384 genua
395 3320 579 3382 comprimit
601 3327 671 3369 arta
690 3335 780 3385 gena.
815 3318 876 3368 Inde
894 3327 932 3368 est
949 3319 1153 3380 quodhomines‚
1174 3318 1234 3366 dum
1247 3317 1280 3366 ad
1293 3333 1377 3382 genna

269 3403 298 3436 se
310 3393 480 3450 prosteruunt,
495 3389 580 3436 statim
592 3387 763 3437 lacrimantur.
782 3387 870 3436 Voluit
884 3389 951 3436 enirn
965 3402 1008 3437 eos
1022 3395 1111 3436 natura
1124 3395 1221 3436 uterum
1236 3394 1376 3436 maternum

270 3456 412 3514 reuocare'‚
441 3454 622 3520 (remorare
645 3457 729 3507 Guelf.
750 3457 809 3506 duo.
830 3458 1040 3508 rememorari
1061 3454 1154 3522 uulgo)
1178 3457 1240 3505 ‘ubi
1259 3457 1331 3520 quasi
1349 3459 1374 3506 in

269 3524 381 3575 tenebris
396 3525 570 3584 considebant,
589 3533 724 3589 antequam
738 3525 900 3592 peruenirent
915 3527 948 3575 ad
961 3527 1062 3576 lucem!
1092 3527 1178 3576 Verba
1190 3541 1254 3588 quae
1266 3533 1323 3574 sunt
1338 3527 1374 3575 ad

221 3645 223 3651 ,
270 3609 371 3660 genua
443 3594 650 3644 lacrimantes
666 3596 788 3646 Columna
806 3602 935 3656 tamquam
949 3595 1126 3644 hexametrum
1139 3596 1214 3644 Ennii
1228 3594 1372 3660 fragmentis

269 3663 375 3713 adiecit:
392 3677 536 3728 perperam.
567 3665 649 3727 Atque
663 3668 726 3716 adeo
742 3665 774 3715 de
786 3665 864 3714 altero
879 3665 901 3712 si
913 3664 953 3714 dis
966 3665 1050 3729 placet
1063 3665 1137 3713 Ennii
1153 3664 1260 3714 frustula
1273 3664 1370 3713 dubito:

270 3733 338 3796 quod
363 3732 433 3782 haud
456 3735 509 3784 solo
535 3749 566 3783 an
594 3748 643 3784 non
668 3736 798 3784 diuersum
824 3733 857 3782 sit
881 3734 912 3782 ab
937 3733 992 3782 his:
1020 3734 1239 3798 imprisnitque
1270 3747 1366 3798 genae

269 3816 380 3867 genam
409 3800 501 3868 [Trag.
524 3801 606 3866 4361,
640 3820 705 3866 quae
725 3803 886 3864 nescioquis
909 3802 942 3850 ad
960 3817 1041 3868 genae
1060 3817 1133 3851 usum
1158 3801 1369 3867 comprobandum

268 3871 361 3921 Isidori
378 3871 464 3920 uerbis
482 3873 637 3938 ascripserit.
674 3873 726 3922 Nec
745 3874 812 3922 enlm
833 3870 878 3920 itta
894 3879 921 3919 ut
943 3885 1009 3920 niano
1030 3872 1148 3937 leguntur
1164 3874 1298 3934 quicquam
1318 3873 1371 3920 sani

268 3948 311 3990 aut
330 3941 363 3990 ad
382 3955 435 3990 rem
450 3942 634 3993 accommodati
650 3944 790 4003 continent,
810 3956 856 3990 nec
871 3947 939 3989 caret
952 3948 980 3989 ut
993 3950 1054 4006 puto
1074 3941 1117 3990 hio
1129 3940 1200 3990 Iocus
1216 3941 1305 3990 alienis
1317 3942 1370 4002 qui-

266 4010 375 4076 bupdam
391 4011 570 4062 additamentis

286 4197 290 4206 '
311 4188 344 4242 12
367 4185 456 4256 ipsius
472 4185 509 4240 ad
530 4191 670 4242 armenias
688 4162 804 4241 eosdem
822 4181 927 4241 Nonius
1012 4189 1045 4242 15
1073 4185 1166 4242 uineta
1185 4183 1295 4242 Iunius.
1318 4185 1370 4244 iota

265 4267 412 4324 Mercerus
496 4276 578 4326 taxus
590 4270 700 4328 Iunius.
717 4271 789 4326 taxis
805 4269 869 4335 libri
