2984 5032
277 443 299 490 L
676 430 986 500 QVAESTIONES

239 635 241 640 ,
277 599 329 656 boc
350 605 390 655 est
410 615 455 656 eos
476 601 526 671 qai
543 601 573 654 ια
596 598 665 654 arbe
686 614 796 671 semper
819 600 1001 672 suspiciendae
1023 601 1114 671 prolis
1134 615 1223 656 caasa
1245 600 1409 656 cacabant

275 706 385 761 militiae
409 703 559 760 sambore.
605 697 676 759 Gum
704 699 810 758 Orosio
841 701 976 761 conuenit
1002 698 1156 774 Augustini
1183 698 1220 758 de
1252 701 1320 762 ciu.
1356 699 1408 758 dei

275 804 317 863 111
340 806 378 864 17
400 807 542 880 narratio,
564 807 612 884 qui
635 805 683 864 ubi
706 825 754 866 res
778 823 852 884 quae
872 804 953 864 bello
970 803 1126 864 Tarentino
1149 806 1285 882 proxime
1314 813 1406 864 ante-

276 908 419 976 cedebant
453 913 637 989 perstrinxit,
673 922 731 972 tam
760 932 828 972 aero
862 909 952 988 inquit
985 919 1040 966 mm
1072 914 1159 968 malta
1187 913 1258 970 bella
1288 915 1408 986 αὺίααι

275 1019 474 1084 crebruerunt,
504 1027 535 1075 at
562 1008 655 1092 inopia
680 1023 792 1078 militam
816 1020 966 1092 proletarii
991 1018 1045 1084 illi,
1080 1020 1129 1088 qai
1154 1033 1185 1072 eo
1212 1018 1293 1088 qaod
1316 1019 1409 1088 proli
1479 1022 1480 1045 ¹

273 1125 426 1196 prpaendae
452 1125 589 1181 aoccbnnt
617 1125 650 1180 ob
669 1131 813 1197 epemaem
832 1127 948 1180 militare
976 1139 1031 1178 aon
1060 1123 1184 1178 ualentes
1209 1122 1263 1177 boc
1285 1139 1406 1178 nomen

275 1237 457 1299 acceperant,
493 1232 604 1285 militiae
636 1231 889 1286 conscriberentur.-
927 1229 1033 1282 accbas
1063 1228 1143 1280 etiam
1174 1244 1193 1281 a
1227 1227 1405 1282 Tarentinis

275 1333 406 1405 Pyrrhus
436 1350 491 1390 rea
521 1337 656 1391 Graeciae
684 1340 748 1388 tanc
773 1336 876 1405 ingenti
899 1334 990 1406 gloria
1019 1331 1171 1386 celebratas
1191 1331 1404 1386 Romanorum

275 1439 359 1496 boses
385 1442 500 1512 effectas
527 1445 575 1494 est.
620 1433 684 1494 Nec
712 1443 824 1510 tamen,
855 1453 919 1522 cusp
942 1431 1063 1492 Orosius
1085 1448 1137 1489 sua
1159 1429 1195 1488 ab
1217 1430 1401 1508 Augustino

274 1549 417 1600 mutuatus
437 1541 585 1617 uideatur,
608 1539 725 1600 multum
748 1541 775 1598 ei
797 1539 951 1599 consensui
970 1536 1082 1595 tribuo:
1109 1533 1288 1613 Augustinus
1316 1555 1401 1597 uero

274 1644 339 1704 iere
366 1662 423 1703 non
447 1646 546 1706 dubito
577 1647 644 1724 quin
672 1646 701 1702 in
727 1661 762 1702 ea
789 1662 822 1703 re
845 1643 1047 1703 auctoritatem
1070 1640 1141 1699 Liuii
1163 1649 1322 1718 sequatur:
1359 1640 1399 1698 ad

275 1765 361 1824 quem
382 1766 515 1824 magnam
537 1758 649 1827 partem
669 1765 769 1808 eorum
798 1766 873 1827 quae
897 1747 936 1806 ibi
959 1753 1055 1805 narrat
1080 1742 1258 1821 Augustinus
1284 1745 1397 1804 redire

276 1869 293 1910 e
322 1850 394 1912 Liuii
427 1851 468 1911 Xl
493 1860 522 1911 et
544 1850 599 1911 Xil
625 1853 772 1931 periochis
798 1852 963 1931 conligitur.
1013 1847 1105 1922 Quam
1134 1847 1171 1907 oh
1194 1868 1256 1908 rem
1278 1850 1304 1908 si
1332 1849 1396 1908 alia

274 1973 333 2016 non
365 1958 558 2030 accederent,
595 1957 745 2016 sufficeret
779 1955 853 2014 haec
886 1954 1040 2030 Augustini
1072 1954 1227 2030 memoria,
1264 1962 1295 2012 ut
1333 1971 1393 2012 eos

275 2059 379 2138 quibus
407 2061 583 2140 proletarios
606 2062 634 2120 in
656 2060 830 2140 praesidium
856 2059 936 2118 urbis
964 2067 1089 2118 armatos
1117 2068 1249 2118 narratur
1276 2077 1393 2118 uersus

274 2160 420 2222 Ennianos
440 2163 512 2244 (IX)
534 2167 562 2224 in
582 2166 639 2226 hoc
661 2166 730 2226 loco
751 2181 976 2245 reponeremus,
999 2182 1057 2244 quo
1080 2182 1133 2224 eos
1155 2164 1304 2224 rettulisse
1329 2166 1390 2223 iam

274 2263 491 2328 Freinshemius
512 2260 664 2348 Supplem.
687 2270 748 2334 hiu.
772 2271 798 2330 11
820 2288 847 2329 c.
870 2268 910 2328 22
934 2268 1055 2333 uidetur.
1099 2269 1207 2328 Verum
1236 2270 1391 2328 succurrit

274 2372 388 2432 tertium
415 2372 452 2432 de
480 2374 646 2451 proletariis
674 2375 710 2435 ad
738 2375 864 2436 militiam
887 2377 1000 2434 uocatis
1022 2373 1117 2434 Cassii
1137 2373 1276 2434 Heminae
1297 2375 1388 2434 testi·

273 2476 399 2535 monium
421 2478 497 2556 apud
519 2477 642 2539 Nonium
671 2499 699 2560 p.
724 2479 781 2555 67,
808 2478 849 2537 22
882 2484 993 2539 Cassan
1016 2486 1117 2540 Ernr'na
1138 2485 1235 2540 annali
1262 2485 1308 2538 lib.
1332 2483 1373 2538 11
1379 2508 1387 2536 .·

273 2591 337 2640 tanc
350 2584 468 2642 Marcus
484 2603 591 2659 praeco
606 2593 730 2661 primam
740 2590 908 2660 proletarios
925 2591 1052 2644 armavit.
1089 2583 1264 2644 Insidentem
1280 2584 1385 2644 uerbis

274 2682 437 2744 labeculam
467 2686 625 2747 infeliciter
653 2691 763 2748 Marias
784 2695 911 2763 primam
938 2695 1034 2749 consul
1056 2687 1236 2748 emendando
1261 2687 1383 2747 Freins-

272 2786 385 2846 hemius
413 2787 449 2848 ad
472 2789 551 2874 iiior.
579 2791 619 2852 111
648 2797 684 2868 1,
718 2793 755 2852 13
780 2794 938 2870 temptauit.
982 2793 1124 2854 Maculam
1154 2792 1290 2853 abstersit
1319 2793 1383 2852 leni

272 2909 356 2951 manu
375 2891 489 2969 Lipsius
509 2893 576 2956 Ant.
598 2896 666 2956 lect.
689 2897 730 2957 IV
753 2898 801 2956 17.
824 2896 850 2954 V
869 2896 910 2956 22
931 2899 960 2956 in
988 2899 1063 2958 hunc
1085 2898 1217 2959 modum:
1251 2900 1381 2954 Marcius

241 3005 243 3010 '
266 3005 401 3071 praetor.-
424 2995 492 3058 illud
511 3003 722 3078 praetermisit,
745 3019 831 3080 quem
852 3001 989 3062 Marcium
1009 3002 1103 3062 uellet
1123 3002 1264 3077 intellegi.
1307 2999 1380 3078 lpse

272 3098 338 3158 dum
359 3100 579 3181 circumspicio,
605 3101 641 3162 ad
660 3120 745 3180 quem
766 3119 800 3160 ea
824 3107 967 3184 pertineat
986 3108 1142 3182 memoria,
1172 3106 1267 3165 incido
1288 3107 1316 3164 in
1340 3104 1378 3176 Q.

271 3202 408 3265 Marcium
431 3206 611 3285 Philippum,
641 3210 738 3286 quia.
759 3227 836 3272 u.c.
859 3210 922 3271 472
949 3229 1014 3270 cum
1044 3209 1074 3269 L.
1099 3211 1225 3270 Aemilio
1250 3208 1378 3270 Barbula

271 3306 374 3366 consul
392 3307 454 3366 init.
486 3306 614 3381 Quorum
635 3308 683 3366 hic
707 3313 774 3389 ‘qui
797 3315 852 3373 iam
873 3316 902 3373 in
917 3316 1060 3374 Samnium
1079 3316 1115 3375 ab
1132 3317 1291 3376 exercitum
1307 3332 1376 3393 pro·

270 3408 365 3468 iectus
387 3410 481 3470 luerat
490 3414 512 3485 ⁹,
542 3410 590 3468 uhi
615 3410 724 3472 Romae
746 3414 854 3478 bellum
875 3438 937 3478 cum
961 3419 1122 3480 Tarentinis
1147 3420 1376 3493 decretumst,

269 3512 298 3570 in
314 3528 386 3588 agro
400 3512 555 3572 Tarentino
573 3524 668 3575 castra
685 3535 796 3596 ponere
814 3523 938 3584 iubetur.
968 3521 1014 3582 Cf.
1027 3524 1183 3598 Dionysius
1195 3523 1288 3582 Halia.
1300 3507 1375 3586 Exn.

269 3614 353 3677 XVII
381 3619 429 3681 10.
474 3617 602 3678 Zonaras
628 3618 695 3680 Vlli
722 3622 742 3680 2
774 3642 803 3702 p.
835 3628 894 3689 106
925 3627 970 3691 ed.
1002 3627 1093 3688 Bonn.
1138 3632 1203 3704 Ipni
1229 3634 1374 3705 serraque,

188 3753 192 3763 ι
270 3720 392 3782 Orosius
415 3723 520 3801 inquit,
546 3735 638 3784 uastat
658 3735 764 3801 omelia,
788 3735 912 3805 plurima
934 3743 1079 3808 expugnat
1095 3738 1211 3808 oppida:
1241 3749 1276 3790 ac
1298 3733 1373 3790 simi·

268 3824 335 3885 liter
357 3826 486 3888 Zonaras
510 3828 530 3886 Ι.
554 3828 573 3888 l.
601 3822 656 3907 τὴν
676 3825 776 3911 χώραν
800 3825 899 3894 αὐτῶν
926 3832 1069 3912 ἐλεηλάτει
1094 3835 1314 3916 sallabergae.
1346 3836 1377 3895 ol

204 3985 212 4000 ,
269 3927 301 3989 δὲ
326 3927 489 4008 ἐπεξῆλθον
509 3929 578 4008 μέν,
606 3924 673 3992 btt'
699 3931 881 4015 ἐτράπησαν,
908 3932 980 3999 ὥστε
1001 3929 1070 4011 τούς
1088 3933 1246 4019 Ῥωμαίους
1268 3935 1323 4018 τήν
1343 3961 1372 4000 ιε

267 4025 366 4113 χώραν
388 4025 488 4094 αὐτῶν
514 4027 606 4108 ἀδεῶς
632 4042 785 4117 πορθῆσαι
819 4045 871 4100 καί
903 4065 970 4104 τινα
1001 4039 1201 4125 χειρώσασθαι
1233 4038 1368 4126 φρούρια.

269 4135 366 4208 Quare
390 4138 458 4198 uide
485 4159 521 4200 an
548 4141 585 4202 ad
606 4141 761 4202 Aemilium
791 4146 884 4222 possit
911 4166 1014 4208 uersus
1041 4155 1130 4225 deque
1156 4156 1269 4210 totondit
1289 4169 1370 4225 apros

267 4245 353 4301 laam
373 4253 456 4318 atquc
480 4250 582 4320 oppida
606 4253 678 4322 cepa
704 4247 775 4324 (inc.
808 4249 870 4309 sed.
893 4249 1045 4332 XXXVII)
1076 4256 1240 4331 pertinere:
1274 4271 1368 4332 quam·
