<?xml version="1.0" encoding="UTF-8"?>
<!DOCTYPE html PUBLIC "-//W3C//DTD XHTML 1.0 Transitional//EN"
    "http://www.w3.org/TR/xhtml1/DTD/xhtml1-transitional.dtd">
<html xmlns="http://www.w3.org/1999/xhtml" xml:lang="en" lang="en">
 <head>
  <title>
</title>
<meta http-equiv="Content-Type" content="text/html;charset=utf-8" />
  <meta name='ocr-system' content='tesseract 3.04.00' />
  <meta name='ocr-capabilities' content='ocr_page ocr_carea ocr_par ocr_line ocrx_word'/>
</head>
<body>
  <div class='ocr_page' id='page_1' title='image "./ennianaepoesisr01ennigoog_0026.png"; bbox 0 0 2984 5032; ppageno 0'>
   <div class='ocr_carea' id='block_1_1' title="bbox 496 1115 1132 1228">
    <p class='ocr_par' dir='ltr' id='par_1_1' title="bbox 496 1115 1132 1228">
     <span class='ocr_line' id='line_1_1' title="bbox 496 1115 1132 1228; baseline -0.003 -18"><span class='ocrx_word' id='word_1_1' title='bbox 496 1117 841 1228; x_wconf 76' lang='lat' dir='ltr'><strong><em>tinniturum</em></strong></span> <span class='ocrx_word' id='word_1_2' title='bbox 876 1115 1132 1212; x_wconf 77' lang='lat' dir='ltr'><strong><em>enutrire</em></strong></span> 
     </span>
    </p>
   </div>
   <div class='ocr_carea' id='block_1_2' title="bbox 735 1447 900 1509">
    <p class='ocr_par' dir='ltr' id='par_1_2' title="bbox 735 1447 900 1509">
     <span class='ocr_line' id='line_1_2' title="bbox 735 1447 900 1509; baseline -0.006 0"><span class='ocrx_word' id='word_1_3' title='bbox 735 1447 860 1509; x_wconf 82' lang='lat' dir='ltr'>CAPVT</span> <span class='ocrx_word' id='word_1_4' title='bbox 887 1447 900 1508; x_wconf 95' lang='grc' dir='ltr'>Ι</span> 
     </span>
    </p>
   </div>
   <div class='ocr_carea' id='block_1_3' title="bbox 256 1598 1370 4451">
    <p class='ocr_par' dir='ltr' id='par_1_3' title="bbox 264 1598 1370 3918">
     <span class='ocr_line' id='line_1_3' title="bbox 351 1598 1370 1682; baseline -0.004 -18"><span class='ocrx_word' id='word_1_5' title='bbox 351 1603 512 1676; x_wconf 83' lang='lat' dir='ltr'><strong><em>Annales</em></strong></span> <span class='ocrx_word' id='word_1_6' title='bbox 535 1603 732 1680; x_wconf 87' lang='lat' dir='ltr'><strong><em>duodeuiginti</em></strong></span> <span class='ocrx_word' id='word_1_7' title='bbox 748 1603 829 1662; x_wconf 90' lang='lat' dir='ltr'><strong><em>libris</em></strong></span> <span class='ocrx_word' id='word_1_8' title='bbox 846 1600 1024 1682; x_wconf 88' lang='lat' dir='ltr'><strong><em>compositas</em></strong></span> <span class='ocrx_word' id='word_1_9' title='bbox 1042 1598 1132 1659; x_wconf 83' lang='lat' dir='ltr'><strong><em>fuisse</em></strong></span> <span class='ocrx_word' id='word_1_10' title='bbox 1148 1607 1275 1658; x_wconf 88' lang='lat' dir='ltr'><strong><em>constat:</em></strong></span> <span class='ocrx_word' id='word_1_11' title='bbox 1300 1617 1370 1660; x_wconf 90' lang='lat' dir='ltr'><strong><em>cum</em></strong></span> 
     </span>
     <span class='ocr_line' id='line_1_4' title="bbox 265 1704 1368 1790; baseline -0.004 -20"><span class='ocrx_word' id='word_1_12' title='bbox 265 1712 333 1790; x_wconf 87' lang='lat' dir='ltr'><strong><em>olim</em></strong></span> <span class='ocrx_word' id='word_1_13' title='bbox 362 1711 483 1786; x_wconf 77' lang='lat' dir='ltr'><strong><em>inerint,</em></strong></span> <span class='ocrx_word' id='word_1_14' title='bbox 513 1709 616 1788; x_wconf 88' lang='lat' dir='ltr'><strong><em>quibus</em></strong></span> <span class='ocrx_word' id='word_1_15' title='bbox 646 1709 895 1786; x_wconf 88' lang='lat' dir='ltr'><strong><em>quadragesimum</em></strong></span> <span class='ocrx_word' id='word_1_16' title='bbox 922 1707 949 1765; x_wconf 94' lang='lat' dir='ltr'><strong><em>ni</em></strong></span> <span class='ocrx_word' id='word_1_17' title='bbox 981 1704 1080 1764; x_wconf 92' lang='lat' dir='ltr'><strong><em>mirum</em></strong></span> <span class='ocrx_word' id='word_1_18' title='bbox 1106 1705 1210 1766; x_wconf 91' lang='lat' dir='ltr'><strong><em>librum</em></strong></span> <span class='ocrx_word' id='word_1_19' title='bbox 1240 1707 1368 1766; x_wconf 88' lang='lat' dir='ltr'><strong><em>leuieula</em></strong></span> 
     </span>
     <span class='ocr_line' id='line_1_5' title="bbox 264 1812 1366 1896; baseline -0.005 -18"><span class='ocrx_word' id='word_1_20' title='bbox 264 1817 344 1878; x_wconf 80' lang='lat' dir='ltr'><strong>Festi</strong></span> <span class='ocrx_word' id='word_1_21' title='bbox 374 1819 424 1896; x_wconf 87' lang='lat' dir='ltr'><strong><em>(p.</em></strong></span> <span class='ocrx_word' id='word_1_22' title='bbox 447 1815 508 1875; x_wconf 81' lang='lat'><strong><em>257</em></strong></span> <span class='ocrx_word' id='word_1_23' title='bbox 531 1813 592 1894; x_wconf 85' lang='grc' dir='ltr'><strong><em>Μ.)</em></strong></span> <span class='ocrx_word' id='word_1_24' title='bbox 619 1815 802 1894; x_wconf 76' lang='lat' dir='ltr'><strong><em>corruptela,</em></strong></span> <span class='ocrx_word' id='word_1_25' title='bbox 834 1833 919 1894; x_wconf 87' lang='lat' dir='ltr'><strong><em>quam</em></strong></span> <span class='ocrx_word' id='word_1_26' title='bbox 946 1812 1057 1892; x_wconf 82' lang='lat' dir='ltr'>pridem</span> <span class='ocrx_word' id='word_1_27' title='bbox 1091 1813 1205 1874; x_wconf 80' lang='lat' dir='ltr'><strong>sustulit</strong></span> <span class='ocrx_word' id='word_1_28' title='bbox 1232 1812 1366 1888; x_wconf 85' lang='lat' dir='ltr'>Vrsinus,</span> 
     </span>
     <span class='ocr_line' id='line_1_6' title="bbox 265 1919 1363 2003; baseline -0.005 -20"><span class='ocrx_word' id='word_1_29' title='bbox 265 1923 412 2003; x_wconf 87' lang='lat' dir='ltr'><strong><em>probaret.</em></strong></span> <span class='ocrx_word' id='word_1_30' title='bbox 458 1919 530 1980; x_wconf 85' lang='lat' dir='ltr'><strong><em>Rem</em></strong></span> <span class='ocrx_word' id='word_1_31' title='bbox 562 1921 679 1980; x_wconf 87' lang='lat' dir='ltr'><strong><em>coniicit</em></strong></span> <span class='ocrx_word' id='word_1_32' title='bbox 707 1931 736 1982; x_wconf 91' lang='lat' dir='ltr'><strong><em>et</em></strong></span> <span class='ocrx_word' id='word_1_33' title='bbox 765 1923 1016 2000; x_wconf 90' lang='lat' dir='ltr'><strong><em>grammaticorum</em></strong></span> <span class='ocrx_word' id='word_1_34' title='bbox 1047 1919 1207 1996; x_wconf 79' lang='lat' dir='ltr'><strong><em>silentium,</em></strong></span> <span class='ocrx_word' id='word_1_35' title='bbox 1244 1938 1363 1998; x_wconf 88' lang='lat' dir='ltr'><strong><em>quarum</em></strong></span> 
     </span>
     <span class='ocr_line' id='line_1_7' title="bbox 266 2027 1360 2107; baseline -0.005 -17"><span class='ocrx_word' id='word_1_36' title='bbox 266 2048 351 2090; x_wconf 88' lang='lat' dir='ltr'><strong><em>nemo</em></strong></span> <span class='ocrx_word' id='word_1_37' title='bbox 375 2031 477 2090; x_wconf 86' lang='lat' dir='ltr'><strong><em>librum</em></strong></span> <span class='ocrx_word' id='word_1_38' title='bbox 503 2028 577 2087; x_wconf 88' lang='lat' dir='ltr'><strong><em>ultra</em></strong></span> <span class='ocrx_word' id='word_1_39' title='bbox 598 2027 866 2107; x_wconf 88' lang='lat' dir='ltr'><strong><em>duodeuigesimum</em></strong></span> <span class='ocrx_word' id='word_1_40' title='bbox 888 2027 1001 2102; x_wconf 82' lang='lat' dir='ltr'><strong><em>citauit,</em></strong></span> <span class='ocrx_word' id='word_1_41' title='bbox 1031 2035 1061 2086; x_wconf 88' lang='lat' dir='ltr'><strong><em>et</em></strong></span> <span class='ocrx_word' id='word_1_42' title='bbox 1080 2027 1274 2086; x_wconf 87' lang='lat' dir='ltr'><strong><em>testimonium</em></strong></span> <span class='ocrx_word' id='word_1_43' title='bbox 1295 2027 1360 2086; x_wconf 90' lang='lat' dir='ltr'><strong><em>Dio·</em></strong></span> 
     </span>
     <span class='ocr_line' id='line_1_8' title="bbox 266 2133 1366 2216; baseline -0.006 -19"><span class='ocrx_word' id='word_1_44' title='bbox 266 2137 356 2197; x_wconf 87' lang='lat' dir='ltr'><strong><em>medis</em></strong></span> <span class='ocrx_word' id='word_1_45' title='bbox 380 2136 436 2216; x_wconf 87' lang='lat'><em>(111</em></span> <span class='ocrx_word' id='word_1_46' title='bbox 454 2153 483 2215; x_wconf 88' lang='lat' dir='ltr'><strong><em>p.</em></strong></span> <span class='ocrx_word' id='word_1_47' title='bbox 503 2134 565 2196; x_wconf 84' lang='lat'><strong><em>480</em></strong></span> <span class='ocrx_word' id='word_1_48' title='bbox 585 2135 615 2195; x_wconf 89' lang='lat' dir='ltr'><strong><em>P.</em></strong></span> <span class='ocrx_word' id='word_1_49' title='bbox 635 2135 697 2196; x_wconf 83' lang='lat'><strong><em>442</em></strong></span> <span class='ocrx_word' id='word_1_50' title='bbox 716 2133 783 2214; x_wconf 85' lang='lat' dir='ltr'>G.):</span> <span class='ocrx_word' id='word_1_51' title='bbox 805 2155 870 2211; x_wconf 83' lang='lat' dir='ltr'><em>epos</em></span> <span class='ocrx_word' id='word_1_52' title='bbox 884 2139 1010 2196; x_wconf 83' lang='lat' dir='ltr'><strong><em>Latinam</em></strong></span> <span class='ocrx_word' id='word_1_53' title='bbox 1026 2140 1137 2210; x_wconf 86' lang='lat' dir='ltr'><strong><em>primas</em></strong></span> <span class='ocrx_word' id='word_1_54' title='bbox 1156 2139 1236 2210; x_wconf 80' lang='lat' dir='ltr'><strong><em>digne</em></strong></span> <span class='ocrx_word' id='word_1_55' title='bbox 1256 2138 1366 2208; x_wconf 77' lang='lat' dir='ltr'><strong><em>scripsit</em></strong></span> 
     </span>
     <span class='ocr_line' id='line_1_9' title="bbox 265 2244 1365 2320; baseline -0.005 -16"><span class='ocrx_word' id='word_1_56' title='bbox 265 2249 351 2320; x_wconf 82' lang='lat' dir='ltr'><strong><em>isqui</em></strong></span> <span class='ocrx_word' id='word_1_57' title='bbox 364 2262 411 2303; x_wconf 86' lang='lat' dir='ltr'><strong><em>res</em></strong></span> <span class='ocrx_word' id='word_1_58' title='bbox 422 2247 610 2302; x_wconf 80' lang='lat' dir='ltr'><strong><em>Romanorum</em></strong></span> <span class='ocrx_word' id='word_1_59' title='bbox 625 2245 716 2299; x_wconf 84' lang='lat' dir='ltr'><strong><em>decem</em></strong></span> <span class='ocrx_word' id='word_1_60' title='bbox 731 2251 758 2300; x_wconf 86' lang='lat' dir='ltr'><strong><em>ct</em></strong></span> <span class='ocrx_word' id='word_1_61' title='bbox 770 2251 829 2302; x_wconf 89' lang='lat' dir='ltr'><strong><em>octo</em></strong></span> <span class='ocrx_word' id='word_1_62' title='bbox 844 2247 1003 2318; x_wconf 80' lang='lat' dir='ltr'><strong><em>complanas</em></strong></span> <span class='ocrx_word' id='word_1_63' title='bbox 1012 2249 1053 2300; x_wconf 81' lang='lat' dir='ltr'><strong><em>est</em></strong></span> <span class='ocrx_word' id='word_1_64' title='bbox 1062 2244 1146 2314; x_wconf 83' lang='lat' dir='ltr'><strong><em>tibris,</em></strong></span> <span class='ocrx_word' id='word_1_65' title='bbox 1158 2246 1206 2318; x_wconf 80' lang='lat' dir='ltr'><strong><em>pai</em></strong></span> <span class='ocrx_word' id='word_1_66' title='bbox 1215 2249 1240 2300; x_wconf 86' lang='lat' dir='ltr'><strong><em>ei</em></strong></span> <span class='ocrx_word' id='word_1_67' title='bbox 1250 2244 1365 2299; x_wconf 83' lang='lat' dir='ltr'><strong><em>annales</em></strong></span> 
     </span>
     <span class='ocr_line' id='line_1_10' title="bbox 265 2351 1369 2426; baseline 0 -21"><span class='ocrx_word' id='word_1_68' title='bbox 265 2351 438 2423; x_wconf 84' lang='lat' dir='ltr'><strong><em>scribantur,</em></strong></span> <span class='ocrx_word' id='word_1_69' title='bbox 460 2353 533 2426; x_wconf 86' lang='lat' dir='ltr'><strong><em>qnod</em></strong></span> <span class='ocrx_word' id='word_1_70' title='bbox 553 2353 722 2426; x_wconf 76' lang='lat' dir='ltr'><strong><em>singularam</em></strong></span> <span class='ocrx_word' id='word_1_71' title='bbox 748 2351 813 2424; x_wconf 83' lang='lat' dir='ltr'><strong><em>scre</em></strong></span> <span class='ocrx_word' id='word_1_72' title='bbox 839 2368 974 2407; x_wconf 80' lang='lat' dir='ltr'><strong><em>annorum</em></strong></span> <span class='ocrx_word' id='word_1_73' title='bbox 1002 2357 1081 2408; x_wconf 83' lang='lat' dir='ltr'><strong><em>actas</em></strong></span> <span class='ocrx_word' id='word_1_74' title='bbox 1108 2355 1276 2421; x_wconf 78' lang='lat' dir='ltr'><strong><em>contineant,</em></strong></span> <span class='ocrx_word' id='word_1_75' title='bbox 1297 2353 1369 2406; x_wconf 84' lang='lat' dir='ltr'><strong><em>sicat</em></strong></span> 
     </span>
     <span class='ocr_line' id='line_1_11' title="bbox 264 2455 1369 2530; baseline 0.002 -20"><span class='ocrx_word' id='word_1_76' title='bbox 264 2455 366 2526; x_wconf 82' lang='lat' dir='ltr'><strong><em>publici</em></strong></span> <span class='ocrx_word' id='word_1_77' title='bbox 387 2460 502 2514; x_wconf 87' lang='lat' dir='ltr'><strong><em>annales</em></strong></span> <span class='ocrx_word' id='word_1_78' title='bbox 517 2473 585 2530; x_wconf 84' lang='lat' dir='ltr'><strong><em>qaas</em></strong></span> <span class='ocrx_word' id='word_1_79' title='bbox 601 2457 745 2529; x_wconf 80' lang='lat' dir='ltr'><strong><em>pontifices</em></strong></span> <span class='ocrx_word' id='word_1_80' title='bbox 755 2457 916 2530; x_wconf 80' lang='lat' dir='ltr'><strong><em>scribaeque</em></strong></span> <span class='ocrx_word' id='word_1_81' title='bbox 929 2460 1076 2530; x_wconf 83' lang='lat' dir='ltr'><strong><em>conficiant</em></strong></span> <span class='ocrx_word' id='word_1_82' title='bbox 1087 2461 1133 2514; x_wconf 86' lang='lat' dir='ltr'><strong><em>act</em></strong></span> <span class='ocrx_word' id='word_1_83' title='bbox 1147 2459 1274 2528; x_wconf 85' lang='lat' dir='ltr'><strong><em>Romani,</em></strong></span> <span class='ocrx_word' id='word_1_84' title='bbox 1294 2458 1369 2530; x_wconf 78' lang='lat' dir='ltr'><strong><em>qaod</em></strong></span> 
     </span>
     <span class='ocr_line' id='line_1_12' title="bbox 268 2558 1367 2642; baseline 0.002 -26"><span class='ocrx_word' id='word_1_85' title='bbox 268 2562 457 2620; x_wconf 82' lang='lat' dir='ltr'><strong><em>Romanarum</em></strong></span> <span class='ocrx_word' id='word_1_86' title='bbox 477 2571 633 2638; x_wconf 74' lang='lat' dir='ltr'><strong><em>respectas</em></strong></span> <span class='ocrx_word' id='word_1_87' title='bbox 654 2564 807 2620; x_wconf 82' lang='lat' dir='ltr'><strong><em>declarant.</em></strong></span> <span class='ocrx_word' id='word_1_88' title='bbox 843 2558 923 2620; x_wconf 84' lang='lat' dir='ltr'>Haud</span> <span class='ocrx_word' id='word_1_89' title='bbox 945 2561 1030 2622; x_wconf 89' lang='lat' dir='ltr'><strong><em>dubie</em></strong></span> <span class='ocrx_word' id='word_1_90' title='bbox 1049 2559 1180 2638; x_wconf 78' lang='lat' dir='ltr'><strong><em>Ennium,</em></strong></span> <span class='ocrx_word' id='word_1_91' title='bbox 1205 2580 1289 2642; x_wconf 88' lang='lat' dir='ltr'><strong><em>quem</em></strong></span> <span class='ocrx_word' id='word_1_92' title='bbox 1309 2578 1367 2618; x_wconf 92' lang='lat' dir='ltr'><strong><em>non</em></strong></span> 
     </span>
     <span class='ocr_line' id='line_1_13' title="bbox 267 2663 1366 2748; baseline 0.001 -24"><span class='ocrx_word' id='word_1_93' title='bbox 267 2663 337 2725; x_wconf 89' lang='lat' dir='ltr'><strong><em>dicit</em></strong></span> <span class='ocrx_word' id='word_1_94' title='bbox 362 2668 491 2745; x_wconf 80' lang='lat' dir='ltr'><strong><em>nomine,</em></strong></span> <span class='ocrx_word' id='word_1_95' title='bbox 527 2668 710 2746; x_wconf 86' lang='lat' dir='ltr'><strong><em>significauit.</em></strong></span> <span class='ocrx_word' id='word_1_96' title='bbox 760 2664 826 2726; x_wconf 87' lang='lat' dir='ltr'><strong><em>Sed·</em></strong></span> <span class='ocrx_word' id='word_1_97' title='bbox 847 2666 922 2744; x_wconf 85' lang='lat' dir='ltr'><strong><em>quod</em></strong></span> <span class='ocrx_word' id='word_1_98' title='bbox 949 2676 1065 2748; x_wconf 78' lang='lat' dir='ltr'><strong><em>poetam</em></strong></span> <span class='ocrx_word' id='word_1_99' title='bbox 1094 2671 1270 2748; x_wconf 90' lang='lat' dir='ltr'><strong><em>singulorum</em></strong></span> <span class='ocrx_word' id='word_1_100' title='bbox 1301 2668 1366 2726; x_wconf 89' lang='lat' dir='ltr'><strong><em>iere</em></strong></span> 
     </span>
     <span class='ocr_line' id='line_1_14' title="bbox 267 2771 1366 2856; baseline 0 -25"><span class='ocrx_word' id='word_1_101' title='bbox 267 2789 404 2832; x_wconf 89' lang='lat' dir='ltr'><strong><em>annorum</em></strong></span> <span class='ocrx_word' id='word_1_102' title='bbox 426 2782 507 2833; x_wconf 85' lang='lat' dir='ltr'><strong><em>actus</em></strong></span> <span class='ocrx_word' id='word_1_103' title='bbox 529 2784 715 2853; x_wconf 86' lang='lat' dir='ltr'><strong><em>persecutum</em></strong></span> <span class='ocrx_word' id='word_1_104' title='bbox 743 2771 829 2848; x_wconf 83' lang='lat' dir='ltr'><strong><em>dicit,</em></strong></span> <span class='ocrx_word' id='word_1_105' title='bbox 857 2773 927 2834; x_wconf 91' lang='lat' dir='ltr'><strong><em>illud</em></strong></span> <span class='ocrx_word' id='word_1_106' title='bbox 956 2794 992 2835; x_wconf 88' lang='lat' dir='ltr'><strong><em>ne</em></strong></span> <span class='ocrx_word' id='word_1_107' title='bbox 1018 2795 1102 2856; x_wconf 87' lang='lat' dir='ltr'><strong><em>quem</em></strong></span> <span class='ocrx_word' id='word_1_108' title='bbox 1125 2778 1152 2835; x_wconf 95' lang='lat' dir='ltr'><strong><em>in</em></strong></span> <span class='ocrx_word' id='word_1_109' title='bbox 1176 2792 1304 2836; x_wconf 88' lang='lat' dir='ltr'><strong><em>errorem</em></strong></span> <span class='ocrx_word' id='word_1_110' title='bbox 1322 2774 1366 2831; x_wconf 93' lang='lat' dir='ltr'><strong><em>in·</em></strong></span> 
     </span>
     <span class='ocr_line' id='line_1_15' title="bbox 267 2878 1366 2960; baseline 0 -22"><span class='ocrx_word' id='word_1_111' title='bbox 267 2878 353 2951; x_wconf 85' lang='lat' dir='ltr'><strong><em>ducat¹</em></strong></span> <span class='ocrx_word' id='word_1_112' title='bbox 387 2880 572 2941; x_wconf 89' lang='lat' dir='ltr'><strong><em>animaduerti</em></strong></span> <span class='ocrx_word' id='word_1_113' title='bbox 605 2879 692 2940; x_wconf 91' lang='lat' dir='ltr'><strong><em>uelim</em></strong></span> <span class='ocrx_word' id='word_1_114' title='bbox 728 2895 785 2938; x_wconf 90' lang='lat' dir='ltr'><strong><em>nan</em></strong></span> <span class='ocrx_word' id='word_1_115' title='bbox 819 2888 875 2940; x_wconf 87' lang='lat' dir='ltr'><strong><em>tam</em></strong></span> <span class='ocrx_word' id='word_1_116' title='bbox 910 2900 927 2941; x_wconf 87' lang='lat' dir='ltr'><strong><em>e</em></strong></span> <span class='ocrx_word' id='word_1_117' title='bbox 958 2885 1090 2942; x_wconf 89' lang='lat' dir='ltr'><strong><em>carminis</em></strong></span> <span class='ocrx_word' id='word_1_118' title='bbox 1119 2883 1283 2960; x_wconf 79' lang='lat' dir='ltr'><strong><em>cognitione</em></strong></span> <span class='ocrx_word' id='word_1_119' title='bbox 1314 2879 1366 2940; x_wconf 87' lang='lat' dir='ltr'><strong><em>iiu-</em></strong></span> 
     </span>
     <span class='ocr_line' id='line_1_16' title="bbox 267 2984 1365 3068; baseline 0 -24"><span class='ocrx_word' id='word_1_120' title='bbox 267 2986 358 3061; x_wconf 82' lang='lat' dir='ltr'><strong><em>xisse‚</em></strong></span> <span class='ocrx_word' id='word_1_121' title='bbox 383 3003 466 3065; x_wconf 81' lang='lat' dir='ltr'><strong><em>quam</em></strong></span> <span class='ocrx_word' id='word_1_122' title='bbox 485 3004 542 3066; x_wconf 88' lang='lat' dir='ltr'><strong><em>qua</em></strong></span> <span class='ocrx_word' id='word_1_123' title='bbox 559 2987 691 3047; x_wconf 82' lang='lat' dir='ltr'><strong><em>carminis</em></strong></span> <span class='ocrx_word' id='word_1_124' title='bbox 707 2984 828 3044; x_wconf 88' lang='lat' dir='ltr'><strong><em>indicem</em></strong></span> <span class='ocrx_word' id='word_1_125' title='bbox 845 3003 897 3046; x_wconf 87' lang='lat' dir='ltr'><strong><em>suo</em></strong></span> <span class='ocrx_word' id='word_1_126' title='bbox 913 2989 1045 3064; x_wconf 88' lang='lat' dir='ltr'><strong><em>periculo</em></strong></span> <span class='ocrx_word' id='word_1_127' title='bbox 1062 2989 1210 3068; x_wconf 85' lang='lat' dir='ltr'><strong><em>explicare</em></strong></span> <span class='ocrx_word' id='word_1_128' title='bbox 1225 3004 1365 3065; x_wconf 84' lang='lat' dir='ltr'><strong><em>gramma·</em></strong></span> 
     </span>
     <span class='ocr_line' id='line_1_17' title="bbox 268 3093 1363 3174; baseline -0.002 -23"><span class='ocrx_word' id='word_1_129' title='bbox 268 3093 342 3152; x_wconf 88' lang='lat' dir='ltr'><strong><em>tieus</em></strong></span> <span class='ocrx_word' id='word_1_130' title='bbox 362 3101 525 3171; x_wconf 87' lang='lat' dir='ltr'><strong><em>temptaret.</em></strong></span> <span class='ocrx_word' id='word_1_131' title='bbox 567 3093 611 3154; x_wconf 83' lang='lat' dir='ltr'><strong><em>An</em></strong></span> <span class='ocrx_word' id='word_1_132' title='bbox 635 3093 709 3152; x_wconf 91' lang='lat' dir='ltr'><strong><em>inter</em></strong></span> <span class='ocrx_word' id='word_1_133' title='bbox 726 3093 865 3151; x_wconf 85' lang='lat' dir='ltr'><strong><em>maximos</em></strong></span> <span class='ocrx_word' id='word_1_134' title='bbox 886 3093 1004 3152; x_wconf 84' lang='lat' dir='ltr'><strong><em>annales</em></strong></span> <span class='ocrx_word' id='word_1_135' title='bbox 1023 3104 1051 3154; x_wconf 89' lang='lat' dir='ltr'><strong><em>et</em></strong></span> <span class='ocrx_word' id='word_1_136' title='bbox 1072 3094 1155 3155; x_wconf 84' lang='lat' dir='ltr'><strong><em>Ennii</em></strong></span> <span class='ocrx_word' id='word_1_137' title='bbox 1176 3095 1288 3174; x_wconf 83' lang='lat' dir='ltr'><strong><em>poesin</em></strong></span> <span class='ocrx_word' id='word_1_138' title='bbox 1311 3093 1363 3152; x_wconf 88' lang='lat' dir='ltr'><strong><em>hoc</em></strong></span> 
     </span>
     <span class='ocr_line' id='line_1_18' title="bbox 268 3197 1366 3279; baseline -0.002 -20"><span class='ocrx_word' id='word_1_139' title='bbox 268 3209 373 3259; x_wconf 91' lang='lat' dir='ltr'><strong><em>tantum</em></strong></span> <span class='ocrx_word' id='word_1_140' title='bbox 395 3201 580 3260; x_wconf 87' lang='lat' dir='ltr'><strong><em>interfuisse</em></strong></span> <span class='ocrx_word' id='word_1_141' title='bbox 604 3208 704 3279; x_wconf 77' lang='lat' dir='ltr'><strong><em>putas,</em></strong></span> <span class='ocrx_word' id='word_1_142' title='bbox 736 3199 812 3276; x_wconf 88' lang='lat' dir='ltr'><strong><em>qued</em></strong></span> <span class='ocrx_word' id='word_1_143' title='bbox 837 3197 880 3258; x_wconf 90' lang='lat' dir='ltr'><strong><em>iiii</em></strong></span> <span class='ocrx_word' id='word_1_144' title='bbox 902 3201 1031 3279; x_wconf 75' lang='lat' dir='ltr'><strong><em>pedestri</em></strong></span> <span class='ocrx_word' id='word_1_145' title='bbox 1053 3211 1083 3260; x_wconf 92' lang='lat' dir='ltr'><strong><em>et</em></strong></span> <span class='ocrx_word' id='word_1_146' title='bbox 1105 3203 1173 3262; x_wconf 90' lang='lat' dir='ltr'><strong><em>satis</em></strong></span> <span class='ocrx_word' id='word_1_147' title='bbox 1197 3201 1277 3260; x_wconf 89' lang='lat' dir='ltr'><strong><em>arido</em></strong></span> <span class='ocrx_word' id='word_1_148' title='bbox 1299 3200 1366 3274; x_wconf 89' lang='lat' dir='ltr'><strong><em>stilo</em></strong></span> 
     </span>
     <span class='ocr_line' id='line_1_19' title="bbox 268 3302 1367 3382; baseline -0.003 -16"><span class='ocrx_word' id='word_1_149' title='bbox 268 3306 474 3382; x_wconf 78' lang='lat' dir='ltr'><strong><em>exarabantur,</em></strong></span> <span class='ocrx_word' id='word_1_150' title='bbox 497 3305 604 3368; x_wconf 83' lang='lat' dir='ltr'><strong><em>Ennius</em></strong></span> <span class='ocrx_word' id='word_1_151' title='bbox 636 3323 740 3366; x_wconf 85' lang='lat' dir='ltr'><strong><em>uersus</em></strong></span> <span class='ocrx_word' id='word_1_152' title='bbox 769 3314 799 3364; x_wconf 94' lang='lat' dir='ltr'><strong><em>et</em></strong></span> <span class='ocrx_word' id='word_1_153' title='bbox 825 3308 998 3365; x_wconf 88' lang='lat' dir='ltr'><strong><em>curatiorem</em></strong></span> <span class='ocrx_word' id='word_1_154' title='bbox 1033 3308 1191 3366; x_wconf 89' lang='lat' dir='ltr'><strong><em>orationem</em></strong></span> <span class='ocrx_word' id='word_1_155' title='bbox 1219 3302 1367 3366; x_wconf 78' lang='lat' dir='ltr'><strong><em>adhibuit?</em></strong></span> 
     </span>
     <span class='ocr_line' id='line_1_20' title="bbox 268 3411 1368 3491; baseline -0.002 -19"><span class='ocrx_word' id='word_1_156' title='bbox 268 3413 331 3474; x_wconf 88' lang='lat' dir='ltr'><strong><em>Neo</em></strong></span> <span class='ocrx_word' id='word_1_157' title='bbox 351 3413 380 3474; x_wconf 91' lang='lat' dir='ltr'><strong><em>id</em></strong></span> <span class='ocrx_word' id='word_1_158' title='bbox 407 3433 453 3474; x_wconf 87' lang='lat' dir='ltr'><strong><em>me</em></strong></span> <span class='ocrx_word' id='word_1_159' title='bbox 480 3414 565 3474; x_wconf 89' lang='lat' dir='ltr'><strong><em>ualde</em></strong></span> <span class='ocrx_word' id='word_1_160' title='bbox 595 3420 707 3488; x_wconf 88' lang='lat' dir='ltr'><strong><em>mouet,</em></strong></span> <span class='ocrx_word' id='word_1_161' title='bbox 738 3411 815 3490; x_wconf 88' lang='lat' dir='ltr'>quud</span> <span class='ocrx_word' id='word_1_162' title='bbox 843 3413 966 3490; x_wconf 88' lang='lat' dir='ltr'><strong><em>uestigia</em></strong></span> <span class='ocrx_word' id='word_1_163' title='bbox 987 3414 1129 3491; x_wconf 86' lang='lat' dir='ltr'>quaedam</span> <span class='ocrx_word' id='word_1_164' title='bbox 1148 3414 1237 3473; x_wconf 89' lang='lat' dir='ltr'><strong><em>notati</em></strong></span> <span class='ocrx_word' id='word_1_165' title='bbox 1252 3414 1315 3471; x_wconf 89' lang='lat' dir='ltr'><strong><em>anni</em></strong></span> <span class='ocrx_word' id='word_1_166' title='bbox 1338 3420 1368 3470; x_wconf 87' lang='lat' dir='ltr'><strong><em>ct</em></strong></span> 
     </span>
     <span class='ocr_line' id='line_1_21' title="bbox 268 3517 1365 3600; baseline -0.005 -21"><span class='ocrx_word' id='word_1_167' title='bbox 268 3523 407 3599; x_wconf 89' lang='lat' dir='ltr'><strong><em>temporis</em></strong></span> <span class='ocrx_word' id='word_1_168' title='bbox 438 3523 466 3582; x_wconf 90' lang='lat' dir='ltr'><strong><em>in</em></strong></span> <span class='ocrx_word' id='word_1_169' title='bbox 498 3519 542 3580; x_wconf 90' lang='lat' dir='ltr'><strong><em>his</em></strong></span> <span class='ocrx_word' id='word_1_170' title='bbox 577 3519 744 3598; x_wconf 80' lang='lat' dir='ltr'><strong><em>fragmentis</em></strong></span> <span class='ocrx_word' id='word_1_171' title='bbox 776 3537 865 3598; x_wconf 85' lang='lat' dir='ltr'><strong><em>super</em></strong></span> <span class='ocrx_word' id='word_1_172' title='bbox 896 3529 960 3578; x_wconf 90' lang='lat' dir='ltr'><strong><em>sunt</em></strong></span> <span class='ocrx_word' id='word_1_173' title='bbox 989 3517 1078 3600; x_wconf 77' lang='lat' dir='ltr'><strong><em>(Ann.</em></strong></span> <span class='ocrx_word' id='word_1_174' title='bbox 1103 3521 1171 3580; x_wconf 88' lang='grc'><strong>167.</strong></span> <span class='ocrx_word' id='word_1_175' title='bbox 1202 3518 1263 3580; x_wconf 85' lang='grc'><strong><em>493</em></strong></span> <span class='ocrx_word' id='word_1_176' title='bbox 1292 3520 1365 3595; x_wconf 74' lang='lat' dir='ltr'><strong><em>sup).</em></strong></span> 
     </span>
     <span class='ocr_line' id='line_1_22' title="bbox 269 3601 1366 3704; baseline -0.005 -16"><span class='ocrx_word' id='word_1_177' title='bbox 269 3627 358 3688; x_wconf 88' lang='lat' dir='ltr'><strong><em>Imma</em></strong></span> <span class='ocrx_word' id='word_1_178' title='bbox 381 3627 490 3688; x_wconf 85' lang='lat' dir='ltr'><strong><em>Ennius</em></strong></span> <span class='ocrx_word' id='word_1_179' title='bbox 513 3628 653 3696; x_wconf 87' lang='lat' dir='ltr'><strong><em>communi</em></strong></span> <span class='ocrx_word' id='word_1_180' title='bbox 679 3635 736 3686; x_wconf 89' lang='lat' dir='ltr'><strong><em>tum</em></strong></span> <span class='ocrx_word' id='word_1_181' title='bbox 765 3601 905 3704; x_wconf 70' lang='lat' dir='ltr'><strong><em>tempaiis</em></strong></span> <span class='ocrx_word' id='word_1_182' title='bbox 932 3626 1069 3687; x_wconf 77' lang='lat' dir='ltr'><strong><em>historiae</em></strong></span> <span class='ocrx_word' id='word_1_183' title='bbox 1086 3627 1295 3704; x_wconf 82' lang='lat' dir='ltr'><strong><em>significatione</em></strong></span> <span class='ocrx_word' id='word_1_184' title='bbox 1318 3643 1366 3683; x_wconf 94' lang='lat' dir='ltr'><strong><em>an-</em></strong></span> 
     </span>
     <span class='ocr_line' id='line_1_23' title="bbox 269 3725 1367 3814; baseline -0.005 -20"><span class='ocrx_word' id='word_1_185' title='bbox 269 3735 351 3794; x_wconf 86' lang='lat' dir='ltr'><strong><em>nales</em></strong></span> <span class='ocrx_word' id='word_1_186' title='bbox 377 3735 535 3797; x_wconf 88' lang='lat' dir='ltr'><strong><em>nominauit</em></strong></span> <span class='ocrx_word' id='word_1_187' title='bbox 557 3733 687 3793; x_wconf 87' lang='lat' dir='ltr'><strong><em>historici</em></strong></span> <span class='ocrx_word' id='word_1_188' title='bbox 712 3733 830 3809; x_wconf 87' lang='lat' dir='ltr'><strong><em>generis</em></strong></span> <span class='ocrx_word' id='word_1_189' title='bbox 861 3725 973 3812; x_wconf 73' lang='lat' dir='ltr'><strong><em>poisim</em></strong></span> <span class='ocrx_word' id='word_1_190' title='bbox 1003 3743 1032 3794; x_wconf 88' lang='lat' dir='ltr'><strong><em>et</em></strong></span> <span class='ocrx_word' id='word_1_191' title='bbox 1059 3753 1133 3814; x_wconf 85' lang='lat' dir='ltr'><strong><em>quae</em></strong></span> <span class='ocrx_word' id='word_1_192' title='bbox 1162 3752 1177 3793; x_wconf 94' lang='lat' dir='ltr'><strong><em>a</em></strong></span> <span class='ocrx_word' id='word_1_193' title='bbox 1205 3731 1367 3811; x_wconf 86' lang='lat' dir='ltr'><strong><em>primordiis</em></strong></span> 
     </span>
     <span class='ocr_line' id='line_1_24' title="bbox 270 3842 766 3918; baseline -0.01 -16"><span class='ocrx_word' id='word_1_194' title='bbox 270 3842 350 3903; x_wconf 87' lang='lat' dir='ltr'><strong><em>urbis</em></strong></span> <span class='ocrx_word' id='word_1_195' title='bbox 372 3862 420 3902; x_wconf 89' lang='lat' dir='ltr'><strong><em>res</em></strong></span> <span class='ocrx_word' id='word_1_196' title='bbox 439 3843 583 3902; x_wconf 85' lang='lat' dir='ltr'><strong><em>Romanas</em></strong></span> <span class='ocrx_word' id='word_1_197' title='bbox 606 3847 766 3918; x_wconf 89' lang='lat' dir='ltr'><strong><em>repeteret.</em></strong></span> 
     </span>
    </p>

    <p class='ocr_par' dir='ltr' id='par_1_4' title="bbox 256 3944 1368 4451">
     <span class='ocr_line' id='line_1_25' title="bbox 353 3944 1367 4026; baseline -0.007 -16"><span class='ocrx_word' id='word_1_198' title='bbox 353 3949 409 4010; x_wconf 90' lang='lat' dir='ltr'><strong><em>Per</em></strong></span> <span class='ocrx_word' id='word_1_199' title='bbox 428 3949 518 4010; x_wconf 88' lang='lat' dir='ltr'><strong><em>libros</em></strong></span> <span class='ocrx_word' id='word_1_200' title='bbox 545 3963 661 4006; x_wconf 86' lang='lat' dir='ltr'><strong><em>carmen</em></strong></span> <span class='ocrx_word' id='word_1_201' title='bbox 680 3945 743 4022; x_wconf 90' lang='lat' dir='ltr'><strong><em>ipse</em></strong></span> <span class='ocrx_word' id='word_1_202' title='bbox 769 3951 857 4023; x_wconf 75' lang='lat' dir='ltr'><strong><em>poeta</em></strong></span> <span class='ocrx_word' id='word_1_203' title='bbox 879 3945 1035 4007; x_wconf 87' lang='lat' dir='ltr'><strong><em>distribuit:</em></strong></span> <span class='ocrx_word' id='word_1_204' title='bbox 1066 3964 1149 4026; x_wconf 86' lang='lat' dir='ltr'><strong><em>quam</em></strong></span> <span class='ocrx_word' id='word_1_205' title='bbox 1171 3966 1232 4006; x_wconf 94' lang='lat' dir='ltr'><strong><em>rem</em></strong></span> <span class='ocrx_word' id='word_1_206' title='bbox 1254 3944 1367 4024; x_wconf 88' lang='lat' dir='ltr'><strong><em>quidam</em></strong></span> 
     </span>
     <span class='ocr_line' id='line_1_26' title="bbox 271 4051 1368 4134; baseline -0.005 -19"><span class='ocrx_word' id='word_1_207' title='bbox 271 4075 286 4115; x_wconf 93' lang='lat' dir='ltr'><strong><em>a</em></strong></span> <span class='ocrx_word' id='word_1_208' title='bbox 312 4055 490 4134; x_wconf 87' lang='lat' dir='ltr'><strong><em>Vargunteio</em></strong></span> <span class='ocrx_word' id='word_1_209' title='bbox 516 4051 702 4131; x_wconf 87' lang='lat' dir='ltr'><strong><em>grammatico</em></strong></span> <span class='ocrx_word' id='word_1_210' title='bbox 729 4051 883 4110; x_wconf 87' lang='lat' dir='ltr'><strong><em>institutam</em></strong></span> <span class='ocrx_word' id='word_1_211' title='bbox 919 4053 1084 4129; x_wconf 83' lang='lat' dir='ltr'><strong><em>adfirmant,</em></strong></span> <span class='ocrx_word' id='word_1_212' title='bbox 1121 4053 1198 4113; x_wconf 88' lang='lat' dir='ltr'><strong><em>bono</em></strong></span> <span class='ocrx_word' id='word_1_213' title='bbox 1226 4061 1302 4112; x_wconf 89' lang='lat' dir='ltr'><strong><em>teste</em></strong></span> <span class='ocrx_word' id='word_1_214' title='bbox 1338 4061 1368 4110; x_wconf 93' lang='lat' dir='ltr'><strong><em>ut</em></strong></span> 
     </span>
     <span class='ocr_line' id='line_1_27' title="bbox 256 4157 1368 4238; baseline -0.004 -17"><span class='ocrx_word' id='word_1_215' title='bbox 256 4161 325 4221; x_wconf 79' lang='lat' dir='ltr'><strong><em>sibi</em></strong></span> <span class='ocrx_word' id='word_1_216' title='bbox 349 4163 481 4224; x_wconf 86' lang='lat' dir='ltr'><strong><em>uidentur</em></strong></span> <span class='ocrx_word' id='word_1_217' title='bbox 502 4161 642 4223; x_wconf 89' lang='lat' dir='ltr'><strong><em>Suetonio</em></strong></span> <span class='ocrx_word' id='word_1_218' title='bbox 667 4158 727 4234; x_wconf 84' lang='lat' dir='ltr'><strong><em>usi,</em></strong></span> <span class='ocrx_word' id='word_1_219' title='bbox 757 4159 805 4236; x_wconf 90' lang='lat' dir='ltr'><strong><em>qui</em></strong></span> <span class='ocrx_word' id='word_1_220' title='bbox 829 4157 882 4238; x_wconf 85' lang='lat' dir='ltr'><strong><em>(de</em></strong></span> <span class='ocrx_word' id='word_1_221' title='bbox 904 4159 953 4219; x_wconf 91' lang='lat' dir='ltr'><strong><em>inl.</em></strong></span> <span class='ocrx_word' id='word_1_222' title='bbox 975 4178 1091 4238; x_wconf 84' lang='lat' dir='ltr'><strong><em>gramm.</em></strong></span> <span class='ocrx_word' id='word_1_223' title='bbox 1123 4178 1148 4219; x_wconf 89' lang='lat' dir='ltr'><strong><em>e.</em></strong></span> <span class='ocrx_word' id='word_1_224' title='bbox 1170 4158 1205 4238; x_wconf 81' lang='lat'><strong><em>2)</em></strong></span> <span class='ocrx_word' id='word_1_225' title='bbox 1235 4163 1368 4218; x_wconf 81' lang='lat' dir='ltr'><strong><em>toaeaos</em></strong></span> 
     </span>
     <span class='ocr_line' id='line_1_28' title="bbox 271 4252 1367 4346; baseline -0.005 -18"><span class='ocrx_word' id='word_1_226' title='bbox 271 4278 370 4346; x_wconf 83' lang='lat' dir='ltr'><strong><em>tamen,</em></strong></span> <span class='ocrx_word' id='word_1_227' title='bbox 393 4269 442 4345; x_wconf 82' lang='lat' dir='ltr'><strong><em>ait,</em></strong></span> <span class='ocrx_word' id='word_1_228' title='bbox 463 4252 572 4345; x_wconf 62' lang='lat' dir='ltr'><strong><em>imitati,</em></strong></span> <span class='ocrx_word' id='word_1_229' title='bbox 587 4277 618 4328; x_wconf 87' lang='lat' dir='ltr'><strong><em>nt</em></strong></span> <span class='ocrx_word' id='word_1_230' title='bbox 638 4271 764 4326; x_wconf 89' lang='lat' dir='ltr'><strong><em>carmina</em></strong></span> <span class='ocrx_word' id='word_1_231' title='bbox 779 4286 884 4342; x_wconf 84' lang='lat' dir='ltr'><strong><em>parum</em></strong></span> <span class='ocrx_word' id='word_1_232' title='bbox 903 4271 996 4326; x_wconf 74' lang='lat' dir='ltr'><strong><em>adine</em></strong></span> <span class='ocrx_word' id='word_1_233' title='bbox 1017 4271 1155 4342; x_wconf 75' lang='lat' dir='ltr'><strong><em>dmirlpata</em></strong></span> <span class='ocrx_word' id='word_1_234' title='bbox 1231 4269 1367 4339; x_wconf 74' lang='lat' dir='ltr'><strong><em>‚diligen—</em></strong></span> 
     </span>
     <span class='ocr_line' id='line_1_29' title="bbox 270 4373 1366 4451; baseline -0.007 -15"><span class='ocrx_word' id='word_1_235' title='bbox 270 4381 323 4436; x_wconf 86' lang='lat' dir='ltr'><strong><em>tins</em></strong></span> <span class='ocrx_word' id='word_1_236' title='bbox 343 4385 528 4435; x_wconf 78' lang='lat' dir='ltr'><strong><em>retractarent</em></strong></span> <span class='ocrx_word' id='word_1_237' title='bbox 547 4395 582 4434; x_wconf 90' lang='lat' dir='ltr'><strong><em>ao</em></strong></span> <span class='ocrx_word' id='word_1_238' title='bbox 600 4377 711 4450; x_wconf 76' lang='lat' dir='ltr'><strong><em>tegendo</em></strong></span> <span class='ocrx_word' id='word_1_239' title='bbox 732 4379 989 4451; x_wconf 80' lang='lat' dir='ltr'><strong><em>commentanaopae</em></strong></span> <span class='ocrx_word' id='word_1_240' title='bbox 1010 4379 1089 4431; x_wconf 88' lang='lat' dir='ltr'><strong><em>etiam</em></strong></span> <span class='ocrx_word' id='word_1_241' title='bbox 1109 4378 1206 4432; x_wconf 84' lang='lat' dir='ltr'><strong><em>ceteris</em></strong></span> <span class='ocrx_word' id='word_1_242' title='bbox 1232 4381 1297 4432; x_wconf 88' lang='lat' dir='ltr'><strong><em>nota</em></strong></span> <span class='ocrx_word' id='word_1_243' title='bbox 1318 4373 1366 4446; x_wconf 77' lang='lat' dir='ltr'><strong><em>sa-</em></strong></span> 
     </span>
    </p>
   </div>
   <div class='ocr_carea' id='block_1_4' title="bbox 0 0 1500 5032">
    <p class='ocr_par' dir='ltr' id='par_1_5' title="bbox 0 0 1500 5032">
     <span class='ocr_line' id='line_1_30' title="bbox 0 0 1500 5032; baseline 0 0"><span class='ocrx_word' id='word_1_244' title='bbox 0 0 1500 5032; x_wconf 95' lang='lat' dir='ltr'><strong><em> </em></strong></span> 
     </span>
    </p>
   </div>
  </div>
 </body>
</html>
