2984 5032
582 450 812 506 ΕΝΝΙΑΝΑΕ
1165 467 1251 516 LXIX

141 612 285 672 consentit
307 629 390 688 quam
410 613 439 671 in
462 630 581 672 numero
604 613 722 674 militum
742 614 922 674 dilectorum.
959 623 983 676 Α
1001 622 1162 679 Brundusio
1177 622 1251 682 enim

139 720 177 776 ait
198 738 260 776 cum
279 722 442 774 immisisset
461 715 509 792 (Τ.
534 716 719 798 Quinctius),
742 725 895 796 Corcyram
914 729 998 782 tenuit
1018 743 1080 782 cttm
1101 735 1160 784 ocur
1182 732 1251 786 mitt·

139 827 189 882 bras
214 827 350 898 peditum,
380 825 511 896 equitibus
540 831 708 899 octtnqentis.
751 823 797 884 Dc
823 825 967 903 equitibus
998 829 1114 906 quidem
1142 828 1251 888 Ennius

139 927 224 986 nihil:
248 935 276 986 ut
293 931 421 1001 instyntta
443 926 511 986 dicit
533 933 606 986 mitia
625 933 736 988 militam
756 940 813 988 octo
836 935 916 990 duxit
938 931 1020 1012 (lv).
1057 932 1103 991 Ab
1120 930 1251 1008 Corcyra

140 1041 235 1092 autern
251 1034 278 1090 iu
303 1031 434 1108 proxima
457 1031 539 1110 Epiri
561 1034 675 1092 traiecit
700 1043 729 1094 et
753 1035 780 1092 iu
805 1044 898 1094 castra
922 1036 1050 1097 Romana
1073 1039 1183 1114 magnis
1205 1040 1249 1098 iti-

137 1137 254 1197 neribus
273 1135 437 1195 contendit:
468 1137 506 1196 ihi
536 1157 600 1196 cum
622 1139 653 1197 P.
678 1138 795 1200 Villium
826 1144 986 1218 superioris
1010 1144 1074 1202 anui
1099 1145 1250 1204 consulem

138 1231 310 1316 dimisisset,
340 1242 432 1318 ipsum
455 1242 655 1320 Macedoniam
685 1255 767 1304 recto
796 1247 900 1304 itinere
928 1265 982 1324 per
1006 1257 1101 1306 castra
1125 1248 1250 1312 hostium

137 1357 292 1426 penetrare
315 1348 433 1426 placuit.
474 1348 559 1422 Quod
582 1368 639 1427 quo
658 1350 745 1409 modo
763 1351 848 1409 lieret
869 1369 1048 1429 comparum
1066 1354 1248 1431 expedirent,

136 1454 199 1513 dies
228 1454 415 1531 quadraginta
442 1456 505 1514 siue
526 1456 587 1515 ullo
610 1465 714 1515 conatu
737 1455 876 1514 sedentes
894 1457 922 1514 in
943 1467 1104 1535 conspectu
1123 1459 1247 1519 hostium

137 1559 358 1637 absumpserunt
374 1558 486 1634 (Liuius
498 1559 608 1619 XXXll
620 1561 666 1639 9).
698 1560 768 1621 Οιιιιι
785 1563 870 1620 etiam
887 1581 957 1639 spes
975 1565 1138 1641 conloquiis
1155 1574 1246 1644 temp·

138 1665 241 1725 tandae
266 1665 346 1741 pacis
369 1664 452 1722 inrita
477 1666 650 1740 cecidisset,
680 1676 745 1725 ante
768 1667 908 1726 stationes
931 1667 1121 1730 Macedonum
1151 1672 1247 1730 multis

136 1770 257 1849 proeliis
280 1768 394 1828 leuibus
416 1771 560 1849 utrimque
582 1772 689 1831 irustra
712 1781 868 1848 pugnatum
892 1782 937 1832 est
966 1773 1079 1851 (Liuius
1100 1776 1118 1835 l.
1135 1777 1154 1836 l.
1180 1777 1245 1855 10).

136 1877 207 1936 Tum
224 1873 376 1952 Charopus
392 1877 529 1953 princeps
545 1876 740 1955 Epirotarum,
764 1880 812 1956 qui
828 1869 1005 1956 ‘noctesque
1024 1880 1146 1959 diesque
1167 1883 1248 1942 solli-

136 1974 230 2042 citari’
249 1980 436 2040 Flamininum
459 1981 548 2058 (Auo.
566 2001 593 2040 ιι.
607 1981 684 2061 338)
707 1985 859 2060 comperit,
881 1994 1028 2062 pastorem
1045 1988 1081 2046 ad
1096 1988 1246 2048 consulem

135 2089 233 2161 mittit,
271 2087 319 2163 qui
349 2088 373 2144 si
399 2086 466 2163 quid
490 2089 610 2164 praemii
640 2089 785 2148 relaturus
814 2100 894 2150 esset
924 2109 957 2150 se
987 2110 1084 2150 curam
1110 2093 1166 2152 Titi
1190 2112 1247 2171 qua

137 2201 314 2270 coqueretur
339 2191 498 2250 leuaturum
525 2194 663 2270 promittit
697 2196 739 2270 (u.
766 2194 828 2254 339
858 2197 931 2274 sq).
980 2195 1078 2256 Nosse
1106 2199 1180 2256 enim
1214 2217 1246 2257 se

138 2315 238 2354 omnes
260 2299 396 2354 montium
421 2315 520 2356 eorum
543 2301 670 2375 quitum
694 2303 783 2377 regiis
808 2302 911 2358 castris
938 2301 1111 2360 tenebantur
1135 2303 1247 2363 anfrac-

136 2412 182 2461 tus
211 2401 362 2478 callesque
392 2421 426 2462 ac
454 2413 565 2481 partem
596 2405 745 2481 copiarum
773 2404 963 2463 Romanarum
992 2423 1049 2464 non
1075 2409 1172 2485 iniquo
1193 2427 1248 2468 nec

136 2506 301 2586 perdiilicili
324 2507 402 2567 aditu
424 2526 514 2585 snper
530 2517 616 2585 caput
631 2507 755 2566 hostium
773 2510 952 2570 educturum.
974 2510 1150 2572 Flamininus
1167 2515 1246 2573 initio

135 2613 282 2673 haesitans
313 2630 370 2670 non
395 2613 466 2672 nihil
492 2613 596 2673 deinde
625 2623 760 2690 quattuor
782 2615 859 2674 milia
888 2615 966 2674 lecta
987 2617 1114 2693 peditum
1138 2630 1166 2679 et
1189 2630 1246 2679 tre·

136 2727 238 2778 centos
260 2718 374 2795 equites
399 2720 483 2777 mittit
507 2721 555 2796 qui
575 2738 591 2778 a
613 2729 732 2796 pastore
755 2723 782 2787 iu
805 2722 952 2780 cacumina
967 2721 1157 2782 Macedonum
1183 2741 1246 2782 cas·

135 2827 185 2884 tris
221 2825 383 2883 inminentia
425 2824 718 2883 circumducerentur.
773 2826 855 2900 Quos
889 2833 933 2886 ilie
968 2835 1014 2886 uir
1048 2831 1115 2886 taut
1145 2848 1246 2902 mayoc

136 2954 198 2992 eum
218 2951 250 2990 re
270 2940 312 3004 set
329 2919 433 3004 pteno’
455 2934 523 3003 fidei
541 2931 585 3006 (u.
603 2929 681 3008 342)
705 2933 732 2989 iu
755 2933 893 2991 uerticem
919 2951 1005 3008 quem
1028 2931 1167 3010 petebant
1187 2932 1245 2990 llo-

136 3039 209 3098 mani
232 3036 323 3096 trihus
343 3029 478 3094 noctibus
501 3034 552 3110 (ir.
569 3034 625 3115 Vl)
647 3071 689 3084 —-
709 3054 823 3116 pernox
846 3039 920 3096 euim
942 3039 998 3096 iter
1020 3056 1088 3096 esse
1114 3036 1247 3096 Flamini-

134 3164 187 3204 nus
204 3145 328 3202 iusserat
344 3173 386 3186 -
405 3141 548 3217 perduxit.
593 3141 663 3200 Tum
687 3143 739 3216 illi,
763 3142 922 3200 Flaminino
946 3141 994 3201 ubi
1017 3143 1128 3218 signum
1148 3141 1183 3200 ab
1204 3145 1246 3202 eis

136 3251 252 3327 accepit
288 3255 383 3308 castra
421 3246 544 3304 hostium
572 3245 702 3304 omnihus
728 3247 822 3324 copiis
852 3256 1059 3324 oppugnante,
1094 3247 1190 3306 subito
1220 3249 1247 3306 in

133 3355 309 3416 Macedonas
325 3355 353 3412 in
375 3350 563 3410 Flamininum
586 3366 691 3408 uersos
714 3353 850 3428 impetum
874 3369 890 3410 a
913 3361 997 3428 tergo
1020 3353 1163 3411 iecerunt.

216 3460 259 3519 lta
278 3459 414 3517 contexui
428 3455 498 3515 Liuii
514 3458 576 3516 iere
594 3452 721 3532 (XXXII
732 3454 760 3514 9.
782 3457 829 3516 10.
851 3457 905 3534 11)
923 3466 951 3514 et
962 3456 1045 3517 Ennii
1061 3458 1159 3517 uerbis
1175 3459 1246 3536 poti-

133 3578 180 3626 tae
198 3565 402 3636 narrationem,
415 3562 490 3620 unde
507 3562 617 3638 aliquot
631 3577 734 3617 uersus
748 3558 854 3620 Cicero
869 3562 924 3621 Titi
937 3566 1125 3640 praenomine
1143 3564 1245 3624 Flami-

132 3676 200 3731 nino
213 3680 242 3728 et
255 3669 353 3728 Attico
367 3669 507 3724 communi
523 3667 683 3725 admonitus
695 3669 811 3725 ineunte
825 3664 936 3727 Catone
951 3669 1059 3727 maiore
1073 3670 1107 3728 ad
1121 3669 1247 3728 Atticum

132 3795 214 3836 suum
235 3770 472 3833 accommodatrit.
495 3770 540 3838 De
554 3771 656 3847 quibus
669 3769 828 3830 Columnae
841 3771 1030 3848 Merulaeque
1051 3773 1247 3832 hariolationi-

131 3882 186 3940 bns
204 3880 367 3957 liittcriquc
386 3877 580 3954 disputatione
598 3875 735 3955 (Ephem.
750 3879 836 3956 antiq.
853 3876 978 3937 Darmst.
996 3897 1021 3936 a.
1040 3877 1118 3938 1840
1136 3897 1164 3956 p.
1185 3878 1246 3938 379

132 3988 195 4064 sq.)
208 3984 327 4044 reiectis
349 3984 457 4062 optime
471 3980 609 4040 Nicolaus
625 3981 774 4041 liladuicus
789 3982 897 4060 Opnsc.
915 3982 996 4042 acad.
1013 3982 1040 4042 ll
1054 4001 1083 4060 p.
1104 3981 1164 4041 290
1180 4000 1245 4058 sqq.

134 4091 286 4150 disseruit:
311 4095 358 4167 qui
385 4099 413 4148 et
435 4087 506 4146 Liuii
529 4105 614 4165 quam
633 4090 757 4166 exposui
779 4089 972 4146 narrationem
996 4087 1131 4145 indicauit
1152 4095 1181 4145 et
1199 4105 1244 4145 re·

133 4198 226 4256 licuos
258 4197 305 4272 qui
334 4194 456 4254 eandem
486 4212 548 4252 rem
573 4194 729 4268 tetigerunt
758 4195 918 4270 scriptores
951 4193 1070 4252 asciuit:
1099 4191 1244 4254 Plutarchi

132 4302 318 4362 Flamininum
337 4302 367 4376 t,
382 4299 531 4376 Polybium
547 4298 656 4359 XXVll
672 4298 719 4372 13,
734 4297 894 4358 Diodorum
909 4297 1037 4356 Siculum
1052 4300 1080 4356 in
1096 4299 1245 4376 excerptis
