<?xml version="1.0" encoding="UTF-8"?>
<!DOCTYPE html PUBLIC "-//W3C//DTD XHTML 1.0 Transitional//EN"
    "http://www.w3.org/TR/xhtml1/DTD/xhtml1-transitional.dtd">
<html xmlns="http://www.w3.org/1999/xhtml" xml:lang="en" lang="en">
 <head>
  <title>
</title>
<meta http-equiv="Content-Type" content="text/html;charset=utf-8" />
  <meta name='ocr-system' content='tesseract 3.04.00' />
  <meta name='ocr-capabilities' content='ocr_page ocr_carea ocr_par ocr_line ocrx_word'/>
</head>
<body>
  <div class='ocr_page' id='page_1' title='image "./ennianaepoesisr01ennigoog_0111.png"; bbox 0 0 3112 5040; ppageno 0'>
   <div class='ocr_carea' id='block_1_1' title="bbox 619 425 861 496">
    <p class='ocr_par' dir='ltr' id='par_1_1' title="bbox 619 425 861 496">
     <span class='ocr_line' id='line_1_1' title="bbox 619 425 861 496; baseline -0.017 -11"><span class='ocrx_word' id='word_1_1' title='bbox 619 425 861 496; x_wconf 79' lang='lat' dir='ltr'><strong>RELIQVIAE</strong></span> 
     </span>
    </p>
   </div>
   <div class='ocr_carea' id='block_1_2' title="bbox 654 559 827 666">
    <p class='ocr_par' dir='ltr' id='par_1_2' title="bbox 654 559 827 666">
     <span class='ocr_line' id='line_1_2' title="bbox 654 559 827 666; baseline -0.006 -1"><span class='ocrx_word' id='word_1_2' title='bbox 654 559 827 666; x_wconf 73' lang='lat' dir='ltr'><strong>xxunr&#39;*</strong></span> 
     </span>
    </p>
   </div>
   <div class='ocr_carea' id='block_1_3' title="bbox 184 713 1298 1111">
    <p class='ocr_par' dir='ltr' id='par_1_3' title="bbox 184 713 1298 1111">
     <span class='ocr_line' id='line_1_3' title="bbox 287 713 1298 800; baseline -0.003 -14"><span class='ocrx_word' id='word_1_3' title='bbox 287 715 426 787; x_wconf 90' lang='lat' dir='ltr'><strong>Seruius</strong></span> <span class='ocrx_word' id='word_1_4' title='bbox 447 716 481 786; x_wconf 91' lang='lat' dir='ltr'><strong>in</strong></span> <span class='ocrx_word' id='word_1_5' title='bbox 493 716 577 786; x_wconf 89' lang='lat' dir='ltr'><strong>Aen.</strong></span> <span class='ocrx_word' id='word_1_6' title='bbox 599 716 689 786; x_wconf 81' lang='lat'><strong>1741</strong></span> <span class='ocrx_word' id='word_1_7' title='bbox 716 722 812 786; x_wconf 89' lang='lat' dir='ltr'><strong>‘sane</strong></span> <span class='ocrx_word' id='word_1_8' title='bbox 827 715 923 784; x_wconf 89' lang='lat' dir='ltr'><strong>Atlas</strong></span> <span class='ocrx_word' id='word_1_9' title='bbox 940 713 1102 784; x_wconf 90' lang='lat' dir='ltr'><strong>Graecum</strong></span> <span class='ocrx_word' id='word_1_10' title='bbox 1120 718 1188 800; x_wconf 88' lang='lat' dir='ltr'><strong>est,</strong></span> <span class='ocrx_word' id='word_1_11' title='bbox 1213 714 1298 784; x_wconf 86' lang='lat' dir='ltr'><strong>sicul</strong></span> 
     </span>
     <span class='ocr_line' id='line_1_4' title="bbox 184 818 1298 890; baseline -0.002 -2"><span class='ocrx_word' id='word_1_12' title='bbox 184 823 217 888; x_wconf 94' lang='lat' dir='ltr'><strong>et</strong></span> <span class='ocrx_word' id='word_1_13' title='bbox 237 820 339 889; x_wconf 92' lang='lat' dir='ltr'><strong>Nilus.</strong></span> <span class='ocrx_word' id='word_1_14' title='bbox 377 821 459 890; x_wconf 93' lang='lat' dir='ltr'><strong>Nam</strong></span> <span class='ocrx_word' id='word_1_15' title='bbox 481 819 607 888; x_wconf 82' lang='lat' dir='ltr'><strong>Ennius</strong></span> <span class='ocrx_word' id='word_1_16' title='bbox 636 819 712 888; x_wconf 91' lang='lat' dir='ltr'><strong>dicit</strong></span> <span class='ocrx_word' id='word_1_17' title='bbox 738 819 845 888; x_wconf 92' lang='lat' dir='ltr'><strong>Nilum</strong></span> <span class='ocrx_word' id='word_1_18' title='bbox 869 819 1032 888; x_wconf 85' lang='lat' dir='ltr'><strong>Melonem</strong></span> <span class='ocrx_word' id='word_1_19' title='bbox 1061 818 1190 889; x_wconf 89' lang='lat' dir='ltr'><strong>uocari:</strong></span> <span class='ocrx_word' id='word_1_20' title='bbox 1220 818 1298 886; x_wconf 93' lang='lat' dir='ltr'><strong>At-</strong></span> 
     </span>
     <span class='ocr_line' id='line_1_5' title="bbox 185 921 1298 993; baseline 0 -2"><span class='ocrx_word' id='word_1_21' title='bbox 185 923 340 992; x_wconf 90' lang='lat' dir='ltr'><strong>lantem</strong></span> <span class='ocrx_word' id='word_1_22' title='bbox 357 945 439 992; x_wconf 92' lang='lat' dir='ltr'><strong>uero</strong></span> <span class='ocrx_word' id='word_1_23' title='bbox 458 922 739 993; x_wconf 66' lang='lat' dir='ltr'><strong>Telamonem!</strong></span> <span class='ocrx_word' id='word_1_24' title='bbox 775 922 897 992; x_wconf 82' lang='lat' dir='ltr'>Ibidem</span> <span class='ocrx_word' id='word_1_25' title='bbox 915 921 963 992; x_wconf 93' lang='lat' dir='ltr'><strong>IV</strong></span> <span class='ocrx_word' id='word_1_26' title='bbox 982 929 1045 992; x_wconf 82' lang='lat'><strong>246</strong></span> <span class='ocrx_word' id='word_1_27' title='bbox 1069 927 1167 992; x_wconf 89' lang='lat' dir='ltr'><strong>‘sane</strong></span> <span class='ocrx_word' id='word_1_28' title='bbox 1183 921 1298 991; x_wconf 86' lang='lat' dir='ltr'><strong>Latine</strong></span> 
     </span>
     <span class='ocr_line' id='line_1_6' title="bbox 185 1025 1031 1111; baseline 0 -16"><span class='ocrx_word' id='word_1_29' title='bbox 185 1026 308 1096; x_wconf 86' lang='lat' dir='ltr'><strong>Atlas</strong></span> <span class='ocrx_word' id='word_1_30' title='bbox 329 1026 524 1096; x_wconf 81' lang='lat' dir='ltr'><strong>Telamon</strong></span> <span class='ocrx_word' id='word_1_31' title='bbox 545 1025 679 1111; x_wconf 91' lang='lat' dir='ltr'><strong>dicitur,</strong></span> <span class='ocrx_word' id='word_1_32' title='bbox 708 1025 794 1096; x_wconf 89' lang='lat' dir='ltr'><strong>sicut</strong></span> <span class='ocrx_word' id='word_1_33' title='bbox 811 1025 905 1096; x_wconf 92' lang='lat' dir='ltr'><strong>Nilus</strong></span> <span class='ocrx_word' id='word_1_34' title='bbox 925 1026 1031 1096; x_wconf 83' lang='lat' dir='ltr'><strong>Melo’</strong></span> 
     </span>
    </p>
   </div>
   <div class='ocr_carea' id='block_1_4' title="bbox 666 1161 807 1231">
    <p class='ocr_par' dir='ltr' id='par_1_4' title="bbox 666 1161 807 1231">
     <span class='ocr_line' id='line_1_7' title="bbox 666 1161 807 1231; baseline 0 0"><span class='ocrx_word' id='word_1_35' title='bbox 666 1161 807 1231; x_wconf 80' lang='lat' dir='ltr'>XXIX*</span> 
     </span>
    </p>
   </div>
   <div class='ocr_carea' id='block_1_5' title="bbox 285 1279 1208 1478">
    <p class='ocr_par' dir='ltr' id='par_1_5' title="bbox 285 1265 1208 1478">
     <span class='ocr_line' id='line_1_8' title="bbox 285 1279 1208 1376; baseline -0.002 -24"><span class='ocrx_word' id='word_1_36' title='bbox 285 1281 455 1352; x_wconf 79' lang='lat' dir='ltr'>Assaraco</span> <span class='ocrx_word' id='word_1_37' title='bbox 475 1283 573 1351; x_wconf 93' lang='lat' dir='ltr'><strong>natus</strong></span> <span class='ocrx_word' id='word_1_38' title='bbox 591 1279 691 1376; x_wconf 87' lang='lat' dir='ltr'><strong>Capis</strong></span> <span class='ocrx_word' id='word_1_39' title='bbox 714 1283 857 1374; x_wconf 91' lang='lat' dir='ltr'><strong>optimus</strong></span> <span class='ocrx_word' id='word_1_40' title='bbox 880 1283 975 1376; x_wconf 92' lang='lat' dir='ltr'><strong>isque</strong></span> <span class='ocrx_word' id='word_1_41' title='bbox 994 1281 1085 1374; x_wconf 93' lang='lat' dir='ltr'><strong>pium</strong></span> <span class='ocrx_word' id='word_1_42' title='bbox 1105 1303 1148 1351; x_wconf 84' lang='lat' dir='ltr'><strong>ex</strong></span> <span class='ocrx_word' id='word_1_43' title='bbox 1171 1303 1208 1350; x_wconf 89' lang='lat' dir='ltr'><strong>se</strong></span> 
     </span>
     <span class='ocr_line' id='line_1_9' title="bbox 285 1385 612 1478; baseline -0.003 -23"><span class='ocrx_word' id='word_1_44' title='bbox 285 1385 455 1455; x_wconf 84' lang='lat' dir='ltr'><strong>Anchisen</strong></span> <span class='ocrx_word' id='word_1_45' title='bbox 473 1388 612 1478; x_wconf 82' lang='lat' dir='ltr'><strong>general</strong></span> 
     </span>
    </p>
   </div>
   <div class='ocr_carea' id='block_1_6' title="bbox 286 1521 1199 1736">
    <p class='ocr_par' dir='ltr' id='par_1_6' title="bbox 286 1521 1199 1736">
     <span class='ocr_line' id='line_1_10' title="bbox 692 1521 790 1593; baseline -0.02 0"><span class='ocrx_word' id='word_1_46' title='bbox 692 1521 790 1593; x_wconf 89' lang='lat' dir='ltr'><strong>XXX</strong></span> 
     </span>
     <span class='ocr_line' id='line_1_11' title="bbox 286 1639 1199 1736; baseline -0.004 -24"><span class='ocrx_word' id='word_1_47' title='bbox 286 1643 411 1734; x_wconf 83' lang='lat' dir='ltr'><strong>Accipe</strong></span> <span class='ocrx_word' id='word_1_48' title='bbox 429 1642 538 1736; x_wconf 86' lang='lat' dir='ltr'><strong>daque</strong></span> <span class='ocrx_word' id='word_1_49' title='bbox 556 1642 655 1714; x_wconf 87' lang='lat' dir='ltr'><strong>fidem</strong></span> <span class='ocrx_word' id='word_1_50' title='bbox 672 1643 859 1736; x_wconf 85' lang='lat' dir='ltr'><strong>foedusque</strong></span> <span class='ocrx_word' id='word_1_51' title='bbox 877 1640 936 1711; x_wconf 85' lang='lat' dir='ltr'><strong>leri</strong></span> <span class='ocrx_word' id='word_1_52' title='bbox 956 1641 1039 1711; x_wconf 92' lang='lat' dir='ltr'><strong>bene</strong></span> <span class='ocrx_word' id='word_1_53' title='bbox 1059 1639 1199 1710; x_wconf 82' lang='lat' dir='ltr'><strong>firmum.</strong></span> 
     </span>
    </p>
   </div>
   <div class='ocr_carea' id='block_1_7' title="bbox 284 1777 874 1992">
    <p class='ocr_par' dir='ltr' id='par_1_7' title="bbox 284 1777 874 1992">
     <span class='ocr_line' id='line_1_12' title="bbox 668 1777 810 1852; baseline -0.028 0"><span class='ocrx_word' id='word_1_54' title='bbox 668 1781 779 1852; x_wconf 89' lang='lat' dir='ltr'>XXXI</span> <span class='ocrx_word' id='word_1_55' title='bbox 793 1777 810 1816; x_wconf 84' lang='lat'>*</span> 
     </span>
     <span class='ocr_line' id='line_1_13' title="bbox 284 1893 874 1992; baseline 0.003 -25"><span class='ocrx_word' id='word_1_56' title='bbox 284 1893 349 1967; x_wconf 90' lang='lat' dir='ltr'>Olli</span> <span class='ocrx_word' id='word_1_57' title='bbox 372 1900 545 1991; x_wconf 80' lang='lat' dir='ltr'><strong>respondit</strong></span> <span class='ocrx_word' id='word_1_58' title='bbox 562 1924 623 1971; x_wconf 86' lang='lat' dir='ltr'><strong>rex</strong></span> <span class='ocrx_word' id='word_1_59' title='bbox 640 1901 739 1971; x_wconf 88' lang='lat' dir='ltr'><strong>Albai</strong></span> <span class='ocrx_word' id='word_1_60' title='bbox 759 1901 874 1992; x_wconf 86' lang='lat' dir='ltr'><strong>longai</strong></span> 
     </span>
    </p>
   </div>
   <div class='ocr_carea' id='block_1_8' title="bbox 221 2035 1193 2254">
    <p class='ocr_par' dir='ltr' id='par_1_8' title="bbox 221 2035 1193 2254">
     <span class='ocr_line' id='line_1_14' title="bbox 659 2035 814 2110; baseline -0.039 1"><span class='ocrx_word' id='word_1_61' title='bbox 659 2037 785 2110; x_wconf 87' lang='lat' dir='ltr'>XXXII</span> <span class='ocrx_word' id='word_1_62' title='bbox 799 2035 814 2072; x_wconf 83' lang='lat'>*</span> 
     </span>
     <span class='ocr_line' id='line_1_15' title="bbox 221 2151 1193 2254; baseline -0.021 -14"><span class='ocrx_word' id='word_1_63' title='bbox 221 2161 262 2222; x_wconf 87' lang='grc'><strong>35</strong></span> <span class='ocrx_word' id='word_1_64' title='bbox 290 2152 384 2238; x_wconf 81' lang='lat' dir='ltr'><strong>Quos</strong></span> <span class='ocrx_word' id='word_1_65' title='bbox 406 2155 556 2227; x_wconf 87' lang='lat' dir='ltr'><strong>homines</strong></span> <span class='ocrx_word' id='word_1_66' title='bbox 580 2161 747 2254; x_wconf 90' lang='lat' dir='ltr'><strong>quondam</strong></span> <span class='ocrx_word' id='word_1_67' title='bbox 765 2157 940 2228; x_wconf 86' lang='lat' dir='ltr'><strong>Laurentis</strong></span> <span class='ocrx_word' id='word_1_68' title='bbox 956 2157 1045 2223; x_wconf 88' lang='lat' dir='ltr'><strong>terra</strong></span> <span class='ocrx_word' id='word_1_69' title='bbox 1061 2151 1193 2242; x_wconf 91' lang='lat' dir='ltr'><strong>recepit.</strong></span> 
     </span>
    </p>
   </div>
   <div class='ocr_carea' id='block_1_9' title="bbox 656 2294 826 2367">
    <p class='ocr_par' dir='ltr' id='par_1_9' title="bbox 656 2294 826 2367">
     <span class='ocr_line' id='line_1_16' title="bbox 656 2294 826 2367; baseline -0.006 -1"><span class='ocrx_word' id='word_1_70' title='bbox 656 2297 796 2367; x_wconf 91' lang='lat' dir='ltr'>XXXIII</span> <span class='ocrx_word' id='word_1_71' title='bbox 810 2294 826 2329; x_wconf 85' lang='lat'>*</span> 
     </span>
    </p>
   </div>
   <div class='ocr_carea' id='block_1_10' title="bbox 181 2409 1297 3121">
    <p class='ocr_par' dir='ltr' id='par_1_10' title="bbox 181 2409 1297 3121">
     <span class='ocr_line' id='line_1_17' title="bbox 285 2409 1295 2506; baseline -0.005 -26"><span class='ocrx_word' id='word_1_72' title='bbox 285 2411 424 2481; x_wconf 91' lang='lat' dir='ltr'><strong>Seruius</strong></span> <span class='ocrx_word' id='word_1_73' title='bbox 443 2412 476 2481; x_wconf 94' lang='lat' dir='ltr'><strong>in</strong></span> <span class='ocrx_word' id='word_1_74' title='bbox 494 2414 579 2483; x_wconf 92' lang='lat' dir='ltr'><strong>Aen.</strong></span> <span class='ocrx_word' id='word_1_75' title='bbox 597 2413 646 2483; x_wconf 94' lang='lat' dir='ltr'><strong>VI</strong></span> <span class='ocrx_word' id='word_1_76' title='bbox 665 2425 725 2486; x_wconf 88' lang='lat'><strong>778</strong></span> <span class='ocrx_word' id='word_1_77' title='bbox 750 2421 850 2506; x_wconf 82' lang='lat' dir='ltr'><strong>‘ergo</strong></span> <span class='ocrx_word' id='word_1_78' title='bbox 871 2435 935 2484; x_wconf 89' lang='lat' dir='ltr'><strong>auo</strong></span> <span class='ocrx_word' id='word_1_79' title='bbox 957 2433 994 2479; x_wconf 89' lang='lat' dir='ltr'><strong>se</strong></span> <span class='ocrx_word' id='word_1_80' title='bbox 1014 2409 1111 2478; x_wconf 81' lang='lat' dir='ltr'><strong>addet</strong></span> <span class='ocrx_word' id='word_1_81' title='bbox 1128 2409 1295 2477; x_wconf 91' lang='lat' dir='ltr'><strong>comitem:</strong></span> 
     </span>
     <span class='ocr_line' id='line_1_18' title="bbox 183 2511 1294 2607; baseline -0.004 -25"><span class='ocrx_word' id='word_1_82' title='bbox 183 2517 240 2582; x_wconf 85' lang='lat' dir='ltr'><strong>aut</strong></span> <span class='ocrx_word' id='word_1_83' title='bbox 263 2514 353 2582; x_wconf 90' lang='lat' dir='ltr'><strong>auito</strong></span> <span class='ocrx_word' id='word_1_84' title='bbox 379 2537 415 2584; x_wconf 91' lang='lat' dir='ltr'><strong>se</strong></span> <span class='ocrx_word' id='word_1_85' title='bbox 435 2515 552 2607; x_wconf 84' lang='lat' dir='ltr'><strong>iunget</strong></span> <span class='ocrx_word' id='word_1_86' title='bbox 574 2517 728 2606; x_wconf 86' lang='lat' dir='ltr'><strong>imperia,</strong></span> <span class='ocrx_word' id='word_1_87' title='bbox 764 2521 820 2586; x_wconf 89' lang='lat' dir='ltr'><strong>aut</strong></span> <span class='ocrx_word' id='word_1_88' title='bbox 842 2520 929 2584; x_wconf 88' lang='lat' dir='ltr'><strong>certe</strong></span> <span class='ocrx_word' id='word_1_89' title='bbox 951 2512 1133 2582; x_wconf 91' lang='lat' dir='ltr'><strong>secundum</strong></span> <span class='ocrx_word' id='word_1_90' title='bbox 1155 2511 1294 2579; x_wconf 85' lang='lat' dir='ltr'><strong>Ennium</strong></span> 
     </span>
     <span class='ocr_line' id='line_1_19' title="bbox 181 2613 1297 2708; baseline -0.004 -23"><span class='ocrx_word' id='word_1_91' title='bbox 181 2617 343 2686; x_wconf 83' lang='lat' dir='ltr'><strong>reseretur</strong></span> <span class='ocrx_word' id='word_1_92' title='bbox 361 2617 447 2686; x_wconf 91' lang='lat' dir='ltr'><strong>inter</strong></span> <span class='ocrx_word' id='word_1_93' title='bbox 466 2618 548 2687; x_wconf 89' lang='lat' dir='ltr'><strong>deos</strong></span> <span class='ocrx_word' id='word_1_94' title='bbox 567 2642 638 2687; x_wconf 89' lang='lat' dir='ltr'><strong>cum</strong></span> <span class='ocrx_word' id='word_1_95' title='bbox 660 2621 784 2690; x_wconf 87' lang='lat' dir='ltr'><strong>Aenea.</strong></span> <span class='ocrx_word' id='word_1_96' title='bbox 822 2619 907 2688; x_wconf 81' lang='lat' dir='ltr'><strong>Dicit</strong></span> <span class='ocrx_word' id='word_1_97' title='bbox 928 2637 1068 2708; x_wconf 89' lang='lat' dir='ltr'><strong>namque</strong></span> <span class='ocrx_word' id='word_1_98' title='bbox 1082 2613 1173 2682; x_wconf 92' lang='lat' dir='ltr'><strong>Iliam</strong></span> <span class='ocrx_word' id='word_1_99' title='bbox 1193 2614 1297 2682; x_wconf 86' lang='lat' dir='ltr'><strong>luisse</strong></span> 
     </span>
     <span class='ocr_line' id='line_1_20' title="bbox 182 2717 1296 2813; baseline -0.003 -25"><span class='ocrx_word' id='word_1_100' title='bbox 182 2719 281 2788; x_wconf 88' lang='lat' dir='ltr'><strong>liliam</strong></span> <span class='ocrx_word' id='word_1_101' title='bbox 308 2721 461 2807; x_wconf 83' lang='lat' dir='ltr'><strong>Aeneae3</strong></span> <span class='ocrx_word' id='word_1_102' title='bbox 506 2722 595 2813; x_wconf 93' lang='lat' dir='ltr'><strong>quod</strong></span> <span class='ocrx_word' id='word_1_103' title='bbox 625 2722 652 2790; x_wconf 90' lang='lat' dir='ltr'><strong>si</strong></span> <span class='ocrx_word' id='word_1_104' title='bbox 686 2726 753 2806; x_wconf 89' lang='lat' dir='ltr'><strong>est,</strong></span> <span class='ocrx_word' id='word_1_105' title='bbox 789 2723 923 2792; x_wconf 84' lang='lat' dir='ltr'><strong>Aeneas</strong></span> <span class='ocrx_word' id='word_1_106' title='bbox 952 2741 1037 2788; x_wconf 87' lang='lat' dir='ltr'><strong>auus</strong></span> <span class='ocrx_word' id='word_1_107' title='bbox 1067 2720 1118 2785; x_wconf 89' lang='lat' dir='ltr'><strong>est</strong></span> <span class='ocrx_word' id='word_1_108' title='bbox 1144 2717 1296 2786; x_wconf 66' lang='lat' dir='ltr'><strong>Romuli?</strong></span> 
     </span>
     <span class='ocr_line' id='line_1_21' title="bbox 181 2820 1296 2910; baseline -0.001 -21"><span class='ocrx_word' id='word_1_109' title='bbox 181 2822 304 2890; x_wconf 89' lang='lat' dir='ltr'><strong>Ibidem</strong></span> <span class='ocrx_word' id='word_1_110' title='bbox 327 2822 419 2891; x_wconf 80' lang='lat'><strong>1273</strong></span> <span class='ocrx_word' id='word_1_111' title='bbox 450 2825 613 2893; x_wconf 89' lang='lat' dir='ltr'><strong>‘Naeuius</strong></span> <span class='ocrx_word' id='word_1_112' title='bbox 636 2828 668 2893; x_wconf 91' lang='lat' dir='ltr'><strong>et</strong></span> <span class='ocrx_word' id='word_1_113' title='bbox 683 2825 809 2894; x_wconf 85' lang='lat' dir='ltr'><strong>Ennius</strong></span> <span class='ocrx_word' id='word_1_114' title='bbox 832 2827 967 2894; x_wconf 87' lang='lat' dir='ltr'><strong>Aeneae</strong></span> <span class='ocrx_word' id='word_1_115' title='bbox 994 2820 1122 2890; x_wconf 83' lang='lat' dir='ltr'><strong>exsilia</strong></span> <span class='ocrx_word' id='word_1_116' title='bbox 1143 2823 1296 2910; x_wconf 91' lang='lat' dir='ltr'><strong>nepotem</strong></span> 
     </span>
     <span class='ocr_line' id='line_1_22' title="bbox 182 2920 1294 2998; baseline 0 -6"><span class='ocrx_word' id='word_1_117' title='bbox 182 2924 360 2994; x_wconf 84' lang='lat' dir='ltr'><strong>Romulum</strong></span> <span class='ocrx_word' id='word_1_118' title='bbox 383 2927 587 2997; x_wconf 92' lang='lat' dir='ltr'><strong>conditorem</strong></span> <span class='ocrx_word' id='word_1_119' title='bbox 611 2929 700 2998; x_wconf 89' lang='lat' dir='ltr'><strong>urbis</strong></span> <span class='ocrx_word' id='word_1_120' title='bbox 724 2929 875 2998; x_wconf 66' lang='lat' dir='ltr'><strong>tradunt!</strong></span> <span class='ocrx_word' id='word_1_121' title='bbox 919 2927 967 2996; x_wconf 85' lang='lat' dir='ltr'><strong>CI.</strong></span> <span class='ocrx_word' id='word_1_122' title='bbox 991 2923 1188 2994; x_wconf 91' lang='lat' dir='ltr'><strong>Niebubrius</strong></span> <span class='ocrx_word' id='word_1_123' title='bbox 1211 2920 1294 2994; x_wconf 88' lang='lat' dir='ltr'><strong>Hist.</strong></span> 
     </span>
     <span class='ocr_line' id='line_1_23' title="bbox 183 3028 1130 3121; baseline -0.001 -25"><span class='ocrx_word' id='word_1_124' title='bbox 183 3028 278 3097; x_wconf 87' lang='lat' dir='ltr'><strong>Rom.</strong></span> <span class='ocrx_word' id='word_1_125' title='bbox 299 3029 312 3096; x_wconf 98' lang='lat' dir='ltr'>I</span> <span class='ocrx_word' id='word_1_126' title='bbox 331 3037 392 3099; x_wconf 82' lang='lat'><strong>233</strong></span> <span class='ocrx_word' id='word_1_127' title='bbox 416 3028 467 3098; x_wconf 90' lang='lat' dir='ltr'><strong>ed.</strong></span> <span class='ocrx_word' id='word_1_128' title='bbox 488 3039 517 3100; x_wconf 89' lang='grc'><strong>3.</strong></span> <span class='ocrx_word' id='word_1_129' title='bbox 541 3030 576 3099; x_wconf 85' lang='lat' dir='ltr'><strong>F.</strong></span> <span class='ocrx_word' id='word_1_130' title='bbox 596 3032 744 3102; x_wconf 89' lang='lat' dir='ltr'><strong>Ritterus</strong></span> <span class='ocrx_word' id='word_1_131' title='bbox 766 3033 849 3102; x_wconf 88' lang='lat' dir='ltr'><strong>Mus.</strong></span> <span class='ocrx_word' id='word_1_132' title='bbox 874 3029 987 3121; x_wconf 88' lang='lat' dir='ltr'><strong>philol.</strong></span> <span class='ocrx_word' id='word_1_133' title='bbox 1011 3028 1130 3097; x_wconf 82' lang='grc'>11482.</span> 
     </span>
    </p>
   </div>
   <div class='ocr_carea' id='block_1_11' title="bbox 181 3227 1298 4132">
    <p class='ocr_par' dir='ltr' id='par_1_11' title="bbox 181 3227 1298 4132">
     <span class='ocr_line' id='line_1_24' title="bbox 181 3227 1297 3296; baseline 0.001 -19"><span class='ocrx_word' id='word_1_134' title='bbox 181 3243 264 3278; x_wconf 89' lang='lat' dir='ltr'><strong>nonne</strong></span> <span class='ocrx_word' id='word_1_135' title='bbox 283 3229 372 3279; x_wconf 88' lang='lat' dir='ltr'><strong>diuina</strong></span> <span class='ocrx_word' id='word_1_136' title='bbox 384 3231 560 3295; x_wconf 83' lang='lat' dir='ltr'><strong>prouidentia&#39;</strong></span> <span class='ocrx_word' id='word_1_137' title='bbox 587 3250 610 3283; x_wconf 89' lang='lat' dir='ltr'><strong>e.</strong></span> <span class='ocrx_word' id='word_1_138' title='bbox 631 3250 655 3296; x_wconf 92' lang='lat' dir='ltr'><strong>q.</strong></span> <span class='ocrx_word' id='word_1_139' title='bbox 678 3250 699 3282; x_wconf 86' lang='lat' dir='ltr'><strong>s.</strong></span> <span class='ocrx_word' id='word_1_140' title='bbox 770 3233 858 3283; x_wconf 85' lang='lat' dir='ltr'>XXIX</span> <span class='ocrx_word' id='word_1_141' title='bbox 881 3232 1047 3295; x_wconf 75' lang='lat' dir='ltr'><strong>Philargyrus</strong></span> <span class='ocrx_word' id='word_1_142' title='bbox 1062 3229 1087 3276; x_wconf 91' lang='lat' dir='ltr'><strong>in</strong></span> <span class='ocrx_word' id='word_1_143' title='bbox 1103 3227 1194 3292; x_wconf 80' lang='lat' dir='ltr'><strong>Georg.</strong></span> <span class='ocrx_word' id='word_1_144' title='bbox 1212 3228 1246 3275; x_wconf 94' lang='lat' dir='ltr'><strong>Ill</strong></span> <span class='ocrx_word' id='word_1_145' title='bbox 1263 3227 1297 3278; x_wconf 81' lang='lat'><strong>35</strong></span> 
     </span>
     <span class='ocr_line' id='line_1_25' title="bbox 182 3297 1295 3363; baseline -0.003 -15"><span class='ocrx_word' id='word_1_146' title='bbox 182 3302 241 3363; x_wconf 90' lang='lat' dir='ltr'><strong>‘per</strong></span> <span class='ocrx_word' id='word_1_147' title='bbox 260 3299 413 3349; x_wconf 86' lang='lat' dir='ltr'><strong>Assaracum</strong></span> <span class='ocrx_word' id='word_1_148' title='bbox 434 3301 558 3351; x_wconf 86' lang='lat' dir='ltr'><strong>Troianos</strong></span> <span class='ocrx_word' id='word_1_149' title='bbox 579 3303 650 3352; x_wconf 87' lang='lat' dir='ltr'><strong>dicit.</strong></span> <span class='ocrx_word' id='word_1_150' title='bbox 682 3303 747 3352; x_wconf 92' lang='lat' dir='ltr'><strong>Nam</strong></span> <span class='ocrx_word' id='word_1_151' title='bbox 769 3305 909 3353; x_wconf 81' lang='lat' dir='ltr'><strong>Assaracus</strong></span> <span class='ocrx_word' id='word_1_152' title='bbox 928 3314 992 3350; x_wconf 85' lang='lat' dir='ltr'><strong>auus</strong></span> <span class='ocrx_word' id='word_1_153' title='bbox 1015 3297 1152 3347; x_wconf 83' lang='lat' dir='ltr'><strong>Anchisae.</strong></span> <span class='ocrx_word' id='word_1_154' title='bbox 1185 3297 1295 3346; x_wconf 87' lang='lat' dir='ltr'><strong>Ennius:</strong></span> 
     </span>
     <span class='ocr_line' id='line_1_26' title="bbox 183 3366 1297 3436; baseline 0.002 -20"><span class='ocrx_word' id='word_1_155' title='bbox 183 3369 322 3418; x_wconf 84' lang='lat' dir='ltr'><strong>Assaraeo&#39;</strong></span> <span class='ocrx_word' id='word_1_156' title='bbox 343 3386 365 3418; x_wconf 87' lang='lat' dir='ltr'><strong>e.</strong></span> <span class='ocrx_word' id='word_1_157' title='bbox 380 3385 405 3432; x_wconf 91' lang='lat' dir='ltr'><strong>q.</strong></span> <span class='ocrx_word' id='word_1_158' title='bbox 420 3387 441 3419; x_wconf 90' lang='lat' dir='ltr'><strong>s.</strong></span> <span class='ocrx_word' id='word_1_159' title='bbox 514 3372 589 3421; x_wconf 89' lang='lat' dir='ltr'><strong>XXX</strong></span> <span class='ocrx_word' id='word_1_160' title='bbox 608 3373 751 3422; x_wconf 83' lang='lat' dir='ltr'><strong>Macrobius</strong></span> <span class='ocrx_word' id='word_1_161' title='bbox 767 3373 820 3423; x_wconf 85' lang='lat' dir='ltr'><strong>Sat.</strong></span> <span class='ocrx_word' id='word_1_162' title='bbox 838 3375 874 3421; x_wconf 92' lang='lat' dir='ltr'><strong>VI</strong></span> <span class='ocrx_word' id='word_1_163' title='bbox 889 3372 901 3420; x_wconf 93' lang='lat' dir='ltr'><strong>l</strong></span> <span class='ocrx_word' id='word_1_164' title='bbox 919 3386 945 3436; x_wconf 90' lang='lat' dir='ltr'><strong>p.</strong></span> <span class='ocrx_word' id='word_1_165' title='bbox 961 3368 1078 3419; x_wconf 72' lang='lat' dir='ltr'><strong>laeum.</strong></span> <span class='ocrx_word' id='word_1_166' title='bbox 1095 3367 1197 3431; x_wconf 85' lang='lat' dir='ltr'><strong>‘achpe</strong></span> <span class='ocrx_word' id='word_1_167' title='bbox 1213 3366 1297 3430; x_wconf 88' lang='lat' dir='ltr'><strong>daque</strong></span> 
     </span>
     <span class='ocr_line' id='line_1_27' title="bbox 181 3437 1296 3509; baseline 0 -23"><span class='ocrx_word' id='word_1_168' title='bbox 181 3437 270 3486; x_wconf 86' lang='lat' dir='ltr'><strong>fidem:</strong></span> <span class='ocrx_word' id='word_1_169' title='bbox 291 3446 350 3487; x_wconf 88' lang='lat' dir='ltr'><strong>sunt</strong></span> <span class='ocrx_word' id='word_1_170' title='bbox 362 3440 435 3488; x_wconf 91' lang='lat' dir='ltr'><strong>nobis</strong></span> <span class='ocrx_word' id='word_1_171' title='bbox 450 3440 526 3489; x_wconf 86' lang='lat' dir='ltr'><strong>lortia</strong></span> <span class='ocrx_word' id='word_1_172' title='bbox 539 3442 607 3491; x_wconf 90' lang='lat' dir='ltr'><strong>bello</strong></span> <span class='ocrx_word' id='word_1_173' title='bbox 621 3444 735 3492; x_wconf 88' lang='lat' dir='ltr'><strong>Pectora.</strong></span> <span class='ocrx_word' id='word_1_174' title='bbox 764 3442 840 3509; x_wconf 85' lang='lat' dir='ltr'><strong>[Aen.</strong></span> <span class='ocrx_word' id='word_1_175' title='bbox 851 3442 911 3490; x_wconf 93' lang='lat' dir='ltr'>VIII</span> <span class='ocrx_word' id='word_1_176' title='bbox 927 3438 988 3504; x_wconf 86' lang='lat'>150]</span> <span class='ocrx_word' id='word_1_177' title='bbox 1003 3438 1099 3488; x_wconf 86' lang='lat' dir='ltr'><strong>Ennius</strong></span> <span class='ocrx_word' id='word_1_178' title='bbox 1115 3437 1140 3484; x_wconf 91' lang='lat' dir='ltr'><strong>in</strong></span> <span class='ocrx_word' id='word_1_179' title='bbox 1156 3437 1268 3501; x_wconf 87' lang='lat' dir='ltr'><strong>primu..</strong></span> <span class='ocrx_word' id='word_1_180' title='bbox 1281 3438 1296 3484; x_wconf 87' lang='lat'><strong>.&#39;</strong></span> 
     </span>
     <span class='ocr_line' id='line_1_28' title="bbox 183 3506 1296 3575; baseline 0 -19"><span class='ocrx_word' id='word_1_181' title='bbox 183 3506 221 3556; x_wconf 78' lang='lat' dir='ltr'><strong>CI.</strong></span> <span class='ocrx_word' id='word_1_182' title='bbox 240 3508 382 3573; x_wconf 73' lang='lat' dir='ltr'><strong>Porphyrio</strong></span> <span class='ocrx_word' id='word_1_183' title='bbox 399 3509 424 3556; x_wconf 92' lang='lat' dir='ltr'><strong>in</strong></span> <span class='ocrx_word' id='word_1_184' title='bbox 440 3510 499 3558; x_wconf 87' lang='lat' dir='ltr'><strong>Hor.</strong></span> <span class='ocrx_word' id='word_1_185' title='bbox 518 3511 603 3559; x_wconf 82' lang='lat' dir='ltr'><strong>Germ.</strong></span> <span class='ocrx_word' id='word_1_186' title='bbox 621 3514 655 3561; x_wconf 96' lang='lat' dir='ltr'><strong>III</strong></span> <span class='ocrx_word' id='word_1_187' title='bbox 670 3515 712 3570; x_wconf 74' lang='grc'><strong>24,</strong></span> <span class='ocrx_word' id='word_1_188' title='bbox 729 3513 763 3561; x_wconf 80' lang='grc'><strong>50</strong></span> <span class='ocrx_word' id='word_1_189' title='bbox 780 3513 872 3562; x_wconf 89' lang='lat' dir='ltr'><strong>‘bene</strong></span> <span class='ocrx_word' id='word_1_190' title='bbox 889 3525 935 3575; x_wconf 84' lang='lat' dir='ltr'><strong>pro</strong></span> <span class='ocrx_word' id='word_1_191' title='bbox 948 3509 1025 3558; x_wconf 88' lang='lat' dir='ltr'><strong>ualde</strong></span> <span class='ocrx_word' id='word_1_192' title='bbox 1039 3509 1164 3573; x_wconf 84' lang='lat' dir='ltr'><strong>positum,</strong></span> <span class='ocrx_word' id='word_1_193' title='bbox 1185 3513 1213 3554; x_wconf 91' lang='lat' dir='ltr'><strong>ut</strong></span> <span class='ocrx_word' id='word_1_194' title='bbox 1227 3507 1296 3572; x_wconf 88' lang='lat' dir='ltr'><strong>apud</strong></span> 
     </span>
     <span class='ocr_line' id='line_1_29' title="bbox 182 3574 1297 3642; baseline 0.001 -16"><span class='ocrx_word' id='word_1_195' title='bbox 182 3577 291 3626; x_wconf 85' lang='lat' dir='ltr'><strong>Ennium</strong></span> <span class='ocrx_word' id='word_1_196' title='bbox 313 3576 474 3639; x_wconf 65' lang='lat' dir='ltr'><strong>frequenter!</strong></span> <span class='ocrx_word' id='word_1_197' title='bbox 547 3579 635 3630; x_wconf 90' lang='lat' dir='ltr'>XXXI</span> <span class='ocrx_word' id='word_1_198' title='bbox 658 3582 751 3630; x_wconf 85' lang='lat' dir='ltr'><strong>Atilius</strong></span> <span class='ocrx_word' id='word_1_199' title='bbox 769 3581 965 3630; x_wconf 84' lang='lat' dir='ltr'><strong>Fortunatiauus</strong></span> <span class='ocrx_word' id='word_1_200' title='bbox 988 3594 1013 3642; x_wconf 92' lang='lat' dir='ltr'><strong>p.</strong></span> <span class='ocrx_word' id='word_1_201' title='bbox 1030 3575 1097 3628; x_wconf 81' lang='lat'>2691</span> <span class='ocrx_word' id='word_1_202' title='bbox 1117 3577 1145 3624; x_wconf 93' lang='lat' dir='ltr'><strong>P.</strong></span> <span class='ocrx_word' id='word_1_203' title='bbox 1169 3575 1236 3640; x_wconf 80' lang='lat'>(340</span> <span class='ocrx_word' id='word_1_204' title='bbox 1251 3574 1297 3632; x_wconf 68' lang='lat' dir='ltr'><strong>G.)</strong></span> 
     </span>
     <span class='ocr_line' id='line_1_30' title="bbox 182 3643 1295 3714; baseline 0 -21"><span class='ocrx_word' id='word_1_205' title='bbox 182 3643 358 3710; x_wconf 86' lang='lat' dir='ltr'><strong>(hexameter)</strong></span> <span class='ocrx_word' id='word_1_206' title='bbox 383 3648 518 3696; x_wconf 86' lang='lat' dir='ltr'><strong>‘minimus</strong></span> <span class='ocrx_word' id='word_1_207' title='bbox 537 3648 614 3698; x_wconf 86' lang='lat' dir='ltr'><strong>habet</strong></span> <span class='ocrx_word' id='word_1_208' title='bbox 633 3650 694 3698; x_wconf 91' lang='lat' dir='ltr'>XII&#39;</span> <span class='ocrx_word' id='word_1_209' title='bbox 722 3649 773 3713; x_wconf 84' lang='lat' dir='ltr'><strong>(sc.</strong></span> <span class='ocrx_word' id='word_1_210' title='bbox 794 3647 921 3714; x_wconf 72' lang='lat' dir='ltr'><strong>syllabas)</strong></span> <span class='ocrx_word' id='word_1_211' title='bbox 947 3653 986 3696; x_wconf 82' lang='lat' dir='ltr'><strong>‘ut</strong></span> <span class='ocrx_word' id='word_1_212' title='bbox 1005 3655 1042 3696; x_wconf 83' lang='lat' dir='ltr'><strong>est</strong></span> <span class='ocrx_word' id='word_1_213' title='bbox 1061 3647 1205 3694; x_wconf 82' lang='lat' dir='ltr'><strong>Ennianus:</strong></span> <span class='ocrx_word' id='word_1_214' title='bbox 1237 3645 1295 3694; x_wconf 85' lang='lat' dir='ltr'><strong>olli’</strong></span> 
     </span>
     <span class='ocr_line' id='line_1_31' title="bbox 183 3711 1295 3783; baseline -0.002 -19"><span class='ocrx_word' id='word_1_215' title='bbox 183 3732 205 3764; x_wconf 91' lang='lat' dir='ltr'><strong>e.</strong></span> <span class='ocrx_word' id='word_1_216' title='bbox 223 3731 246 3778; x_wconf 93' lang='lat' dir='ltr'><strong>q.</strong></span> <span class='ocrx_word' id='word_1_217' title='bbox 262 3731 283 3764; x_wconf 88' lang='lat' dir='ltr'><strong>s.</strong></span> <span class='ocrx_word' id='word_1_218' title='bbox 313 3715 427 3764; x_wconf 86' lang='lat' dir='ltr'><strong>Donatus</strong></span> <span class='ocrx_word' id='word_1_219' title='bbox 444 3716 475 3765; x_wconf 89' lang='lat' dir='ltr'><strong>de</strong></span> <span class='ocrx_word' id='word_1_220' title='bbox 489 3717 657 3767; x_wconf 86' lang='lat' dir='ltr'><strong>barbarismis</strong></span> <span class='ocrx_word' id='word_1_221' title='bbox 673 3734 698 3783; x_wconf 89' lang='lat' dir='ltr'><strong>p.</strong></span> <span class='ocrx_word' id='word_1_222' title='bbox 714 3717 782 3768; x_wconf 79' lang='lat'><strong>1772</strong></span> <span class='ocrx_word' id='word_1_223' title='bbox 797 3720 824 3766; x_wconf 93' lang='lat' dir='ltr'><strong>P.</strong></span> <span class='ocrx_word' id='word_1_224' title='bbox 845 3717 893 3783; x_wconf 87' lang='lat'><strong>(30</strong></span> <span class='ocrx_word' id='word_1_225' title='bbox 906 3713 997 3777; x_wconf 77' lang='lat' dir='ltr'><strong>Liad.)</strong></span> <span class='ocrx_word' id='word_1_226' title='bbox 1014 3711 1167 3774; x_wconf 61' lang='lat' dir='ltr'><strong>‘ecolesma</strong></span> <span class='ocrx_word' id='word_1_227' title='bbox 1185 3751 1190 3761; x_wconf 93' lang='lat'><em>.</em></span> <span class='ocrx_word' id='word_1_228' title='bbox 1210 3751 1215 3761; x_wconf 92' lang='lat'>.</span> <span class='ocrx_word' id='word_1_229' title='bbox 1232 3751 1237 3761; x_wconf 95' lang='lat'>.</span> <span class='ocrx_word' id='word_1_230' title='bbox 1255 3721 1295 3762; x_wconf 84' lang='lat' dir='ltr'><strong>ut:</strong></span> 
     </span>
     <span class='ocr_line' id='line_1_32' title="bbox 182 3783 1298 3852; baseline -0.001 -19"><span class='ocrx_word' id='word_1_231' title='bbox 182 3785 240 3834; x_wconf 91' lang='lat' dir='ltr'><strong>olli&#39;</strong></span> <span class='ocrx_word' id='word_1_232' title='bbox 261 3802 283 3833; x_wconf 91' lang='lat' dir='ltr'><strong>e.</strong></span> <span class='ocrx_word' id='word_1_233' title='bbox 301 3799 325 3847; x_wconf 88' lang='lat' dir='ltr'><strong>q.</strong></span> <span class='ocrx_word' id='word_1_234' title='bbox 344 3800 364 3834; x_wconf 90' lang='lat' dir='ltr'><strong>s.</strong></span> <span class='ocrx_word' id='word_1_235' title='bbox 403 3785 541 3850; x_wconf 88' lang='lat' dir='ltr'><strong>Pompeius</strong></span> <span class='ocrx_word' id='word_1_236' title='bbox 555 3787 648 3835; x_wconf 86' lang='lat' dir='ltr'><strong>Donati</strong></span> <span class='ocrx_word' id='word_1_237' title='bbox 669 3795 802 3836; x_wconf 82' lang='lat' dir='ltr'><strong>comment.</strong></span> <span class='ocrx_word' id='word_1_238' title='bbox 820 3803 845 3852; x_wconf 92' lang='lat' dir='ltr'><strong>p.</strong></span> <span class='ocrx_word' id='word_1_239' title='bbox 861 3787 911 3837; x_wconf 87' lang='grc'><strong>448</strong></span> <span class='ocrx_word' id='word_1_240' title='bbox 925 3785 1001 3834; x_wconf 92' lang='lat' dir='ltr'><strong>Lind.</strong></span> <span class='ocrx_word' id='word_1_241' title='bbox 1028 3788 1100 3832; x_wconf 88' lang='lat' dir='ltr'><strong>‘narn</strong></span> <span class='ocrx_word' id='word_1_242' title='bbox 1116 3783 1238 3832; x_wconf 87' lang='lat' dir='ltr'><strong>diaeresis</strong></span> <span class='ocrx_word' id='word_1_243' title='bbox 1260 3791 1298 3832; x_wconf 86' lang='lat' dir='ltr'><strong>est</strong></span> 
     </span>
     <span class='ocr_line' id='line_1_33' title="bbox 183 3853 1298 3921; baseline -0.001 -19"><span class='ocrx_word' id='word_1_244' title='bbox 183 3855 280 3903; x_wconf 92' lang='lat' dir='ltr'><strong>Albai</strong></span> <span class='ocrx_word' id='word_1_245' title='bbox 296 3853 406 3919; x_wconf 85' lang='lat' dir='ltr'><strong>longai</strong></span> <span class='ocrx_word' id='word_1_246' title='bbox 423 3869 469 3920; x_wconf 91' lang='lat' dir='ltr'><strong>pro</strong></span> <span class='ocrx_word' id='word_1_247' title='bbox 486 3856 598 3917; x_wconf 89' lang='lat' dir='ltr'><strong>eoquod</strong></span> <span class='ocrx_word' id='word_1_248' title='bbox 616 3865 654 3905; x_wconf 84' lang='lat' dir='ltr'><strong>est</strong></span> <span class='ocrx_word' id='word_1_249' title='bbox 670 3857 752 3906; x_wconf 85' lang='lat' dir='ltr'><strong>Albae</strong></span> <span class='ocrx_word' id='word_1_250' title='bbox 766 3857 876 3921; x_wconf 62' lang='lat' dir='ltr'><strong>longae!</strong></span> <span class='ocrx_word' id='word_1_251' title='bbox 910 3855 980 3904; x_wconf 89' lang='lat' dir='ltr'><strong>Idem</strong></span> <span class='ocrx_word' id='word_1_252' title='bbox 996 3853 1141 3918; x_wconf 86' lang='lat' dir='ltr'><strong>exemplum</strong></span> <span class='ocrx_word' id='word_1_253' title='bbox 1155 3853 1258 3918; x_wconf 88' lang='lat' dir='ltr'><strong>irrepsit</strong></span> <span class='ocrx_word' id='word_1_254' title='bbox 1271 3854 1298 3901; x_wconf 91' lang='lat' dir='ltr'><strong>in</strong></span> 
     </span>
     <span class='ocr_line' id='line_1_34' title="bbox 182 3922 1298 3990; baseline -0.002 -16"><span class='ocrx_word' id='word_1_255' title='bbox 182 3925 242 3974; x_wconf 88' lang='lat' dir='ltr'><strong>edd.</strong></span> <span class='ocrx_word' id='word_1_256' title='bbox 264 3923 325 3986; x_wconf 90' lang='lat' dir='ltr'><strong>aliq.</strong></span> <span class='ocrx_word' id='word_1_257' title='bbox 346 3931 447 3974; x_wconf 84' lang='lat' dir='ltr'><strong>ueteres</strong></span> <span class='ocrx_word' id='word_1_258' title='bbox 462 3924 554 3974; x_wconf 93' lang='lat' dir='ltr'><strong>Isidori</strong></span> <span class='ocrx_word' id='word_1_259' title='bbox 569 3924 640 3990; x_wconf 84' lang='lat' dir='ltr'><strong>OrIg.</strong></span> <span class='ocrx_word' id='word_1_260' title='bbox 656 3925 716 3977; x_wconf 81' lang='lat'><strong>134</strong></span> <span class='ocrx_word' id='word_1_261' title='bbox 750 3925 855 3976; x_wconf 90' lang='lat' dir='ltr'><strong>Seruius</strong></span> <span class='ocrx_word' id='word_1_262' title='bbox 871 3928 896 3975; x_wconf 95' lang='lat' dir='ltr'><strong>in</strong></span> <span class='ocrx_word' id='word_1_263' title='bbox 911 3927 974 3975; x_wconf 89' lang='lat' dir='ltr'><strong>Aen.</strong></span> <span class='ocrx_word' id='word_1_264' title='bbox 991 3924 1028 3972; x_wconf 91' lang='lat' dir='ltr'><strong>XI</strong></span> <span class='ocrx_word' id='word_1_265' title='bbox 1041 3922 1092 3974; x_wconf 80' lang='lat'><strong>236</strong></span> <span class='ocrx_word' id='word_1_266' title='bbox 1109 3922 1184 3970; x_wconf 90' lang='lat' dir='ltr'><strong>‘olli</strong></span> <span class='ocrx_word' id='word_1_267' title='bbox 1204 3922 1242 3971; x_wconf 91' lang='lat' dir='ltr'><strong>illi</strong></span> <span class='ocrx_word' id='word_1_268' title='bbox 1257 3938 1298 3972; x_wconf 86' lang='lat' dir='ltr'><strong>se-</strong></span> 
     </span>
     <span class='ocr_line' id='line_1_35' title="bbox 182 3989 1297 4062; baseline -0.002 -21"><span class='ocrx_word' id='word_1_269' title='bbox 182 3993 293 4043; x_wconf 84' lang='lat' dir='ltr'><strong>cundum</strong></span> <span class='ocrx_word' id='word_1_270' title='bbox 306 3994 434 4043; x_wconf 66' lang='lat' dir='ltr'><strong>Ennium)</strong></span> <span class='ocrx_word' id='word_1_271' title='bbox 505 3994 604 4043; x_wconf 91' lang='lat' dir='ltr'>XXXII</span> <span class='ocrx_word' id='word_1_272' title='bbox 623 3997 768 4045; x_wconf 88' lang='lat' dir='ltr'><strong>Priscianus</strong></span> <span class='ocrx_word' id='word_1_273' title='bbox 780 3999 827 4046; x_wconf 96' lang='lat' dir='ltr'><strong>VII</strong></span> <span class='ocrx_word' id='word_1_274' title='bbox 843 4011 870 4062; x_wconf 89' lang='lat' dir='ltr'><strong>p.</strong></span> <span class='ocrx_word' id='word_1_275' title='bbox 881 3997 932 4046; x_wconf 75' lang='lat'><strong>762</strong></span> <span class='ocrx_word' id='word_1_276' title='bbox 946 3996 973 4043; x_wconf 88' lang='lat' dir='ltr'><strong>P.</strong></span> <span class='ocrx_word' id='word_1_277' title='bbox 992 3995 1016 4058; x_wconf 87' lang='lat' dir='ltr'><strong>(I</strong></span> <span class='ocrx_word' id='word_1_278' title='bbox 1031 4010 1057 4058; x_wconf 93' lang='lat' dir='ltr'><strong>p.</strong></span> <span class='ocrx_word' id='word_1_279' title='bbox 1069 3991 1120 4042; x_wconf 77' lang='lat'><strong>332</strong></span> <span class='ocrx_word' id='word_1_280' title='bbox 1135 3989 1180 4054; x_wconf 89' lang='lat' dir='ltr'><strong>K.)</strong></span> <span class='ocrx_word' id='word_1_281' title='bbox 1200 3991 1297 4040; x_wconf 81' lang='lat' dir='ltr'><strong>‘Lau-</strong></span> 
     </span>
     <span class='ocr_line' id='line_1_36' title="bbox 181 4062 1297 4132; baseline -0.001 -20"><span class='ocrx_word' id='word_1_282' title='bbox 181 4065 299 4113; x_wconf 88' lang='lat' dir='ltr'><strong>rentis&#39;</strong></span> <span class='ocrx_word' id='word_1_283' title='bbox 327 4063 536 4129; x_wconf 76' lang='lat' dir='ltr'><strong>(laurentius</strong></span> <span class='ocrx_word' id='word_1_284' title='bbox 557 4063 652 4130; x_wconf 81' lang='lat' dir='ltr'><strong>Sang.)</strong></span> <span class='ocrx_word' id='word_1_285' title='bbox 675 4067 768 4115; x_wconf 84' lang='lat' dir='ltr'><strong>‘etiam</strong></span> <span class='ocrx_word' id='word_1_286' title='bbox 788 4082 835 4132; x_wconf 90' lang='lat' dir='ltr'><strong>pro</strong></span> <span class='ocrx_word' id='word_1_287' title='bbox 854 4066 967 4114; x_wconf 89' lang='lat' dir='ltr'><strong>Laurens</strong></span> <span class='ocrx_word' id='word_1_288' title='bbox 989 4063 1116 4113; x_wconf 84' lang='lat' dir='ltr'><strong>dicebant.</strong></span> <span class='ocrx_word' id='word_1_289' title='bbox 1155 4062 1251 4111; x_wconf 87' lang='lat' dir='ltr'><strong>Ennius</strong></span> <span class='ocrx_word' id='word_1_290' title='bbox 1272 4063 1297 4112; x_wconf 92' lang='lat' dir='ltr'><strong>in</strong></span> 
     </span>
    </p>
   </div>
   <div class='ocr_carea' id='block_1_12' title="bbox 183 4211 386 4220">
    <p class='ocr_par' dir='ltr' id='par_1_12' title="bbox 183 4211 386 4220">
     <span class='ocr_line' id='line_1_37' title="bbox 183 4211 386 4220; baseline 0 -2"><span class='ocrx_word' id='word_1_291' title='bbox 183 4211 386 4220; x_wconf 80' lang='lat'><strong>———</strong></span> 
     </span>
    </p>
   </div>
   <div class='ocr_carea' id='block_1_13' title="bbox 225 4277 1247 4393">
    <p class='ocr_par' dir='ltr' id='par_1_13' title="bbox 225 4277 1247 4393">
     <span class='ocr_line' id='line_1_38' title="bbox 225 4277 1247 4393; baseline -0.006 -21"><span class='ocrx_word' id='word_1_292' title='bbox 225 4317 260 4372; x_wconf 77' lang='lat'><strong>33</strong></span> <span class='ocrx_word' id='word_1_293' title='bbox 280 4285 411 4385; x_wconf 87' lang='lat' dir='ltr'><strong>lerusque</strong></span> <span class='ocrx_word' id='word_1_294' title='bbox 428 4312 517 4386; x_wconf 84' lang='lat' dir='ltr'><strong>Neap.</strong></span> <span class='ocrx_word' id='word_1_295' title='bbox 626 4317 661 4373; x_wconf 79' lang='lat'><strong>35</strong></span> <span class='ocrx_word' id='word_1_296' title='bbox 683 4308 850 4393; x_wconf 69' lang='lat' dir='ltr'><strong>Laurentius</strong></span> <span class='ocrx_word' id='word_1_297' title='bbox 868 4314 957 4370; x_wconf 80' lang='lat' dir='ltr'><strong>Bora.</strong></span> <span class='ocrx_word' id='word_1_298' title='bbox 1046 4277 1145 4384; x_wconf 75' lang='lat' dir='ltr'><strong>recipit</strong></span> <span class='ocrx_word' id='word_1_299' title='bbox 1159 4300 1247 4366; x_wconf 70' lang='lat' dir='ltr'><strong>Bora.</strong></span> 
     </span>
    </p>
   </div>
   <div class='ocr_carea' id='block_1_14' title="bbox 0 0 1567 5040">
    <p class='ocr_par' dir='ltr' id='par_1_14' title="bbox 0 0 1567 5040">
     <span class='ocr_line' id='line_1_39' title="bbox 0 0 1567 5040; baseline 0 0"><span class='ocrx_word' id='word_1_300' title='bbox 0 0 1567 5040; x_wconf 95' lang='lat' dir='ltr'><strong> </strong></span> 
     </span>
    </p>
   </div>
  </div>
 </body>
</html>
