3112 5040
282 475 417 525 nxxxrv
678 461 993 532 QVAESTIONES

284 621 344 692 διεδ
364 627 519 710 Περσέων,
551 625 680 706 ἔπεμπον
705 617 846 706 dysticon
867 622 896 699 ἐς
914 619 1027 708 Σάρδις
1046 616 1128 704 παρὰ
1149 626 1250 702 Κῦρον
1270 621 1387 684 ἐθέλον-

283 757 330 808 τες
351 732 399 794 ἐπὶ
424 737 500 794 τοῖσι
526 722 642 794 αὖτοῖσι
665 725 741 792 εἶναι
765 735 841 792 τοῖσι
868 729 919 790 καλ
940 732 1057 814 Κροίσῳ
1081 729 1152 792 ἔσαν
1180 719 1329 805 κατήκοοι.
1372 721 1387 790 ὁ

285 837 317 900 dl
335 829 466 910 ιἰιιοδσας
492 832 604 898 αιἰτέων
620 827 656 897 τδι
676 838 869 918 προΐσχοντο,
900 833 978 910 ἔλεξέ
996 853 1051 912 σφι
1071 828 1175 914 λόγον,
1192 825 1312 912 ἄνδρα
1332 827 1388 910 φὰς

284 932 452 1022 αδλητὴν
479 936 608 1004 ἰδόντα
637 941 747 1020 ἰχθῦς
773 939 810 1001 ἒν
831 943 873 1024 τῇ
896 933 1069 1024 θαλάσσῃ
1087 929 1254 1014 αὐλέειν,
1284 937 1388 998 δοκέ-

284 1041 376 1112 οντα
400 1066 516 1126 σφεας
541 1042 807 1124 ἐξελεύσεσθαι
835 1042 869 1118 ἐς
893 1048 980 1124 γῆν·
1025 1035 1065 1116 ὦς
1093 1040 1125 1104 δὲ
1146 1047 1319 1122 ψευσθῆναι
1341 1048 1392 1123 τῆς

285 1151 416 1228 δλπλδος,
444 1155 545 1233 λαβεῖν
572 1143 794 1232 σἰμφίβληστρον
820 1149 870 1211 καλ
894 1152 1064 1230 περιβαλεῖν
1089 1170 1119 1208 τε
1143 1153 1261 1227 πλῆθος
1281 1141 1392 1210 πολλὸν

283 1250 475 1337 sosipetes
497 1253 547 1315 καλ
569 1251 728 1336 ἐξειρύσαι,
751 1249 852 1318 ἰδόντα
874 1253 906 1316 δὲ
928 1252 1127 1332 παλλομένους
1146 1253 1236 1316 εἰπεῖν
1259 1249 1318 1334 α”ρα
1338 1245 1391 1315 αδ-

282 1355 335 1426 τδν
352 1355 426 1444 πρὸς
444 1351 512 1432 robe
533 1360 620 1440 ἰχθῦς
641 1354 792 1420 επαύεσθέ
811 1382 861 1438 μοι
882 1353 1057 1440 ὀρχεόμενοι,
1080 1356 1140 1419 ἐπεὶ
1159 1350 1227 1418 οὐδ’
1252 1351 1318 1436 ἐμέο
1339 1350 1392 1418 αὖ·

283 1463 399 1542 λεόντος
414 1457 535 1546 ἠθέλετε
555 1466 702 1548 ἐκβαίνειν
719 1459 913 1548 δρχεόμενοι.’
958 1465 1002 1526 Au
1026 1467 1104 1543 quod
1122 1483 1215 1542 genus
1238 1466 1339 1526 nescio
1357 1485 1393 1524 an

284 1583 315 1634 et
336 1573 384 1632 bic
404 1589 507 1631 uersus
530 1574 688 1651 pertineat:
719 1579 812 1634 decem
832 1579 941 1634 coclites
961 1579 1038 1649 posis
1058 1576 1191 1632 mondbos
1212 1578 1324 1630 somme
1342 1575 1392 1630 Ri-

278 1685 343 1757 pm's
365 1682 463 1754 fodere
492 1677 564 1756 (inc.
596 1686 649 1736 sat.
675 1675 775 1756 Vlll):
811 1675 956 1755 Arimaspi
979 1678 1053 1738 enim
1075 1677 1192 1737 unoculi
1216 1676 1272 1735 dici
1293 1676 1393 1738 uiden-

283 1793 346 1859 tur,
375 1784 412 1844 de
440 1781 542 1862 quibus
570 1779 736 1841 llerodotus
761 1779 802 1840 lV
827 1781 864 1842 13
884 1771 1061 1861 Ἰσσηδόνων
1085 1773 1116 1841 δ’
1145 1773 1326 1860 ὑπεροικέειν
1354 1784 1394 1842 eit

281 1878 480 1968 Ἀριμασποὺς
495 1878 606 1963 ἄνδρας
620 1881 883 1964 μουνοφθάλμους,
906 1879 981 1965 ὑπὲρ
1004 1883 1035 1946 δὲ
1055 1879 1181 1946 τουτέων
1201 1877 1268 1960 τοὺς
1288 1906 1392 1967 χρυσο-

284 1985 420 2071 φύλακας
447 1995 576 2072 γρῦπας,
616 1984 743 2054 τοντὲων
770 1989 803 2052 δὲ
829 1983 897 2064 τοὺς
913 1984 1123 2074 Ὑπερβορέους
1143 1987 1324 2071 κατήκοντας
1346 1992 1393 2054 ἐπὶ

284 2093 443 2158 θάλασσαν
464 2115 491 2156 ε.
516 2116 544 2176 q.
568 2116 592 2156 e.

369 2202 448 2275 Quot
473 2211 632 2262 saturarum
654 2202 744 2262 libros
769 2202 930 2262 coniecerit
951 2201 1059 2262 Ennius
1081 2204 1236 2263 incertum:
1263 2205 1391 2284 Porphy-

284 2309 328 2366 rio
356 2307 384 2366 in
410 2305 521 2366 Horatii
550 2308 671 2367 carml
701 2308 756 2382 10,
780 2307 820 2368 46
852 2316 987 2385 quattuor
1019 2307 1110 2368 luisse
1142 2317 1279 2368 testatur:
1315 2313 1391 2388 quod

285 2421 386 2474 contra
414 2413 545 2474 Donatus
573 2414 601 2470 in
627 2411 693 2471 Ter.
722 2411 835 2472 l'horm.
861 2412 887 2471 ll
916 2412 952 2486 2,
982 2411 1021 2472 25
1051 2429 1067 2470 e
1094 2421 1179 2471 sexto
1203 2413 1390 2491 fragmentum

262 2519 392 2579 ¹eitnuit.
438 2516 566 2592 Quorum
589 2517 625 2576 de
649 2518 742 2595 primo
765 2527 794 2576 et
820 2515 949 2576 secondo
972 2516 1011 2575 nil
1042 2517 1163 2594 contigit
1187 2537 1203 2576 e
1223 2498 1390 2595 fragmentis

284 2621 446 2701 dispicere:
471 2623 557 2681 tertio
579 2631 674 2682 autem
697 2623 894 2701 Scipionis
913 2639 1019 2682 nomen
1037 2623 1168 2700 praefixi.
1213 2622 1296 2684 Enim
1320 2645 1390 2686 uero

285 2735 380 2786 saorra
404 2735 448 2785 est
470 2726 586 2805 Scipio:
618 2727 695 2805 quod
719 2727 787 2786 olim
809 2725 963 2786 Lerscluins
985 2724 1058 2784 blus.
1079 2725 1172 2786 Rhen.
1196 2729 1222 2786 V
1241 2730 1303 2789 416
1325 2749 1389 2810 pro·

283 2833 381 2910 posuit
407 2831 540 2910 quidem,
570 2833 621 2891 sed
651 2851 714 2892 cum
744 2833 822 2892 ueris
844 2832 918 2890 lalsa
949 2839 978 2890 et
998 2833 1097 2909 inepta
1119 2835 1270 2910 misceret,
1298 2837 1390 2896 bonos

284 2937 470 2996 coniecturae
494 2953 593 3014 parum
615 2937 682 2996 fidei
703 2938 889 3014 comparauit.
936 2935 1016 3013 Ergo
1043 2955 1059 2995 e
1081 2937 1219 3016 Scipione
1241 2942 1296 3001 tria
1314 2943 1389 3019 trag·

282 3049 378 3101 mento
403 3039 571 3102 adferuntur
597 3041 722 3124 diserte:
748 3043 804 3101 duo
831 3043 1005 3119 septenariis
1030 3042 1187 3104 trochaicis
1210 3046 1391 3107 decurrentia

283 3146 348 3226 (Ν.
371 3143 428 3228 Vl:
455 3163 576 3224 quorum
604 3145 661 3204 hoc
684 3145 742 3223 (V)
770 3147 847 3223 quod
876 3147 988 3207 Gellius
1010 3147 1049 3206 lV
1073 3150 1091 3208 7
1118 3149 1204 3210 tradit
1233 3153 1389 3212 e‘libro

284 3253 344 3330 qui
368 3252 499 3330 Scipio
526 3251 769 3312 inscribitur'
799 3252 999 3331 depromptum
1022 3253 1105 3313 dicit:
1133 3253 1224 3329 unde,
1256 3274 1319 3315 cum
1342 3275 1389 3316 ue-

282 3366 362 3417 teres
390 3357 512 3436 quoduis
542 3375 658 3416 carmen
685 3339 775 3435 ‘paulo
802 3356 917 3434 longius
945 3358 1048 3416 librum
1072 3358 1254 3436 adpellerent
1277 3361 1332 3438 (cl.
1355 3361 1388 3420 0.

281 3460 375 3520 labnii
399 3480 501 3521 comm.
522 3464 550 3520 io
570 3461 649 3521 Pers.
673 3479 701 3538 p.
717 3460 767 3522 98.
791 3462 995 3524 Petermannus
1015 3464 1051 3523 de
1074 3473 1170 3524 satura
1192 3464 1275 3524 Ennii
1294 3485 1323 3545 p.
1342 3468 1388 3547 3),

282 3582 339 3624 oon
361 3567 453 3642 magis
476 3565 602 3644 illisqui
628 3566 697 3625 olim
720 3568 900 3644 tragoediam
926 3569 1066 3646 quandam
1090 3569 1255 3646 Scipionem
1285 3572 1388 3630 somni-

281 3679 363 3730 srent
388 3669 569 3732 obstaculum
600 3690 683 3750 quam
712 3671 795 3732 nobis
822 3676 870 3752 qui
902 3681 1026 3734 saturam
1056 3675 1179 3735 uelimus
1214 3675 1388 3751 praesidium

281 3778 416 3836 noscitur.
468 3777 595 3837 Tertium
623 3797 639 3836 e
668 3778 808 3855 Scipione
843 3797 958 3838 uersum
984 3778 1150 3838 Macrobius
1181 3779 1278 3838 citauit
1304 3779 1388 3838 v14

282 3899 310 3960 p.
342 3881 403 3942 519
431 3881 495 3942 Jan.
529 3892 583 3942 tom
609 3888 722 3958 ferreos
754 3887 840 3942 bostis
871 3887 979 3944 Horret
1012 3905 1079 3961 oper
1108 3886 1270 3964 [campique
1304 3891 1389 3943 amoos

280 3989 436 4046 sublimibus
455 3990 563 4046 ardent.
587 3983 720 4044 neum
740 3985 796 4045 601
823 3987 892 4064 sq.}-
937 3993 1043 4049 Horret
1062 3997 1131 4050 mire
1152 4009 1182 4048 se
1202 3994 1291 4050 babet.
1335 3993 1391 4050 Sed

282 4101 309 4150 ct
328 4095 437 4150 Ennios
457 4098 486 4150 m
508 4097 730 4166 quartodecimo
754 4089 832 4169 [vlt]
860 4104 886 4150 et
906 4098 935 4151 in
956 4099 1111 4155 Erechtheo
1133 4094 1197 4174 [Vl]
1229 4104 1255 4154 et
1280 4101 1309 4152 im
1327 4097 1387 4154 Sci-

275 4202 374 4271 pions:
401 4203 509 4270 sporsis
528 4201 615 4256 bostis
637 4203 722 4272 lomois
748 4215 863 4272 compos
889 4204 1013 4273 splendet
1039 4210 1065 4259 et
1090 4204 1187 4260 borrel
1203 4197 1286 4276 (vl).
1330 4197 1387 4257 Ru-

280 4299 324 4366 dis
350 4300 501 4365 admodum
532 4309 561 4360 et
589 4300 716 4366 insuauis
746 4303 770 4360 si
798 4301 842 4361 dis
872 4302 970 4380 placet
997 4304 1168 4368 hexameter
1201 4321 1286 4386 quem
1319 4305 1386 4366 inri-
