2984 5032
274 445 413 493 xxxam
665 431 978 503 QVAESTIONES

272 601 337 662 dios
359 601 460 660 lrostes
479 617 512 658 se
534 599 694 658 inierenles
715 597 848 676 procliue
868 606 913 656 esl
936 613 1110 673 agnoscere.
1154 595 1285 655 Relicua
1316 595 1353 654 ln.
1384 615 1416 654 c.

272 706 307 765 ir.
328 703 428 764 LXVI.
452 702 565 763 lxvii.
590 699 707 762 lxviii
730 703 873 763 Hersiliae
897 701 986 763 uerba
1007 719 1075 760 esse
1103 697 1256 780 probabile
1294 707 1335 756 et
1369 716 1414 756 cx

274 819 357 889 parte
380 809 447 868 olim
469 809 647 869 intellectum
664 819 718 869 est.
764 807 809 868 Ad
830 827 890 868 rem
913 809 981 867 iacit
1006 807 1079 867 haec
1110 805 1146 865 ab
1169 804 1204 863 A.
1228 801 1346 864 Gellio
1370 801 1412 860 N.

273 916 309 974 Α.
331 914 400 975 Xlll
419 914 458 974 22
481 916 585 975 tradita
605 912 656 974 Cn.
681 913 767 975 Gellii
790 933 806 974 e
829 916 915 974 lertio
939 913 1033 974 annali
1056 914 1197 973 narratio:
1217 915 1411 980 Hersiliam,

271 1043 334 1082 arm
355 1026 434 1098 apud
455 1027 486 1080 T.
512 1025 619 1082 Tatium
637 1025 723 1080 aerbo
741 1025 851 1097 faceret
861 1039 1016 1098 pacemque
1041 1030 1145 1093 oraret,
1172 1025 1211 1078 ita
1231 1025 1409 1092 precatam

272 1147 333 1188 csse
357 1118 481 1187 ‘Nerio
511 1130 643 1186 Martis
670 1139 700 1186 tc
727 1131 887 1199 obsecro,
917 1145 1041 1200 pacem
1065 1130 1125 1198 da,
1153 1135 1191 1196 te,
1228 1129 1270 1184 ati
1310 1128 1411 1182 liceat

272 1239 375 1309 nuptia
390 1239 518 1308 propriis
539 1243 566 1292 et
580 1238 727 1309 prosperis
748 1237 796 1304 ati,
817 1234 891 1306 qaod
911 1236 946 1290 de
972 1237 1010 1291 iai
1029 1237 1151 1308 coniapis
1175 1235 1290 1290 consilio
1327 1249 1405 1288 coa-

272 1345 335 1415 tipit,
349 1345 390 1398 ati
401 1357 452 1399 nos
464 1323 555 1398 itidem
568 1346 690 1415 intepros
703 1345 845 1410 raperent,
866 1340 940 1396 ande
957 1342 1055 1398 liberos
1069 1343 1122 1397 sili
1135 1348 1162 1397 et
1173 1343 1239 1410 sais,
1252 1345 1407 1413 posteros

269 1451 383 1519 patriae
394 1447 555 1520 pararent?
577 1442 624 1504 Fr.
641 1442 757 1519 LXVII,
780 1442 817 1502 de
833 1459 891 1520 quo
906 1441 1017 1502 Merula
1033 1443 1171 1502 mirabilia
1188 1441 1401 1518 excogitauit,

272 1548 396 1608 llersilia
418 1567 534 1608 sumens
558 1550 595 1609 de
618 1550 717 1610 suibus
740 1548 903 1626 exemplum
923 1547 1069 1608 Romanos
1085 1547 1269 1626 Sabinosque
1294 1566 1315 1606 a
1343 1564 1401 1624 pu-

272 1655 388 1732 gnaudo
400 1655 497 1714 studet
509 1674 612 1716 arcere
626 1656 681 1732 (ci.
696 1653 731 1718 Α,
741 1651 987 1713 KochiusExerc.
1003 1657 1064 1714 crit.
1079 1673 1106 1732 p.
1116 1656 1163 1733 4),
1178 1663 1264 1732 atque
1279 1654 1399 1713 eadem

273 1760 424 1820 Romulum
448 1768 477 1818 el
498 1759 610 1819 'lelium
632 1762 790 1837 adhortari,
810 1767 841 1818 ul
863 1759 1048 1819 concordiam
1071 1760 1185 1834 inirent,
1209 1759 1334 1818 uidelur
1358 1759 1395 1817 ir.

271 1865 399 1925 LXVlll.
443 1863 509 1924 Non
530 1864 613 1942 plura
636 1865 673 1925 dc
693 1865 781 1925 bellis
803 1863 918 1924 Romuli
939 1864 1034 1924 habeo
1058 1883 1133 1943 quae
1155 1882 1321 1943 exponam:
1358 1881 1395 1922 ac

274 1972 390 2049 parcius
414 1971 500 2030 eliam
524 1970 560 2030 de
584 1971 671 2030 rebus
701 1971 777 2031 dorni
806 1971 898 2048 gestis
927 1969 1080 2028 dicendum
1107 1972 1177 2030 erit:
1207 1971 1243 2030 de
1274 1968 1393 2048 quibus

180 2085 183 2089 ’
272 2093 357 2135 unum
385 2075 480 2134 Varro
512 2077 549 2136 de
578 2076 610 2135 L.
638 2075 669 2138 L.
699 2077 725 2136 V
757 2078 797 2138 55
829 2076 866 2136 ll.
897 2075 1050 2150 indicauit,
1089 2075 1182 2134 tribus
1208 2095 1224 2136 a
1254 2074 1392 2134 Romulo

273 2183 415 2241 institutas
437 2199 472 2240 ac
494 2183 691 2242 denominatas
706 2177 828 2242 Ennium
847 2182 981 2258 tetigisse
998 2179 1116 2260 (LXX).
1140 2180 1188 2242 Fr.
1204 2181 1298 2241 LXIX
1313 2199 1388 2242 con·

155 2283 159 2292 '
273 2295 383 2347 sueram
419 2287 556 2348 Romanis
595 2290 622 2347 in
656 2288 744 2348 rebus
780 2286 919 2365 gerendis
959 2287 1110 2346 formulam
1148 2289 1293 2362 continet,
1339 2288 1388 2347 cui

272 2411 356 2451 unam
378 2402 487 2452 certam
510 2395 698 2456 occasionem
717 2395 855 2472 indagare
885 2409 942 2452 non
969 2393 1049 2452 licet.
1094 2392 1193 2453 'latius
1220 2411 1235 2452 a
1258 2393 1385 2454 Lauina·

271 2498 348 2558 tibus
376 2507 539 2560 truncatur:
569 2500 624 2560 hac
655 2501 871 2578 opportunitate
902 2499 977 2558 hunc
1007 2516 1023 2557 a
1055 2499 1250 2575 gremmaliois
1278 2500 1385 2557 mirum

272 2605 407 2681 quotiens
435 2604 647 2680 irequenlntum
674 2623 788 2665 uersum
810 2627 826 2665 o
851 2607 910 2665 Tite
933 2613 988 2664 tate
1012 2609 1075 2664 Tati
1098 2609 1145 2663 liti
1163 2615 1241 2664 tanta
1258 2613 1384 2680 tyranne

270 2715 357 2768 tutati
383 2707 506 2788 (LXXI)
531 2708 636 2769 elatum
671 2729 739 2770 esse
766 2711 856 2770 credo
878 2729 941 2770 cum
969 2709 1129 2770 Niebuhrio
1156 2709 1229 2769 llist.
1258 2709 1345 2768 llom.
1370 2707 1383 2766 l

271 2812 332 2873 259
359 2822 388 2872 el
419 2813 612 2892 Schweglero
640 2815 712 2874 Hisl.
743 2815 827 2875 llom.
856 2816 962 2877 1516.
1005 2815 1144 2874 llomulns
1174 2823 1276 2898 coorta
1306 2825 1378 2874 tem·

270 2926 397 2996 pescate,
421 2917 467 2996 (nt
491 2919 527 2978 de
551 2919 602 2979 illo
625 2920 682 2980 dici
704 2921 837 2980 uideatur
855 2940 935 2997 wem
955 2941 1042 2999 saper
1065 2928 1162 3000 inpono
1186 2927 1274 2982 Porta
1302 2928 1382 2981 tonat

271 3030 342 3084 coeli
360 3026 417 3084 inc.
436 3025 499 3084 sed.
524 3022 650 3102 CXXX,
679 3025 767 3084 modo
786 3025 859 3084 fides
877 3045 980 3086 uersus
1008 3029 1111 3088 melius
1136 3029 1300 3106 constaret)
1331 3045 1377 3086 se·

271 3130 394 3190 cundum
417 3131 565 3190 decretum
587 3131 665 3193 louis
685 3133 714 3190 in
736 3131 888 3210 Olympum
917 3132 1059 3209 euehitur,
1084 3133 1182 3193 lllartis
1199 3135 1299 3211 cquis:
1320 3135 1376 3195 lroc
1464 3103 1467 3198 l

269 3237 344 3295 enim
363 3236 486 3296 duxisse
508 3255 545 3296 cx
557 3235 650 3296 Ennio
673 3238 845 3298 crediderim
868 3239 944 3316 quod
959 3238 1095 3298 Horatius
1117 3241 1260 3316 significat
1279 3238 1374 3301 Garun.

269 3340 308 3401 lll
331 3342 361 3417 3,
384 3342 422 3404 16
446 3342 510 3419 (ucl
528 3344 637 3402 rectius
661 3344 690 3418 2,
712 3342 783 3422 48);
808 3352 838 3403 et
858 3343 978 3404 Ouidius
1001 3341 1079 3402 Fasl.
1102 3343 1227 3406 11496:
1249 3351 1314 3406 lriac
1336 3357 1374 3406 to-
1463 3283 1466 3426 l

268 3455 324 3520 not,
347 3449 411 3507 irinc
430 3453 519 3508 masa
541 3453 715 3525 abrumpitur
735 3453 843 3526 iynidrte
861 3454 966 3509 aellter.
1010 3455 1060 3509 Fit
1076 3453 1161 3526 sapa:
1191 3472 1247 3512 rac
1275 3458 1375 3527 patriis

268 3561 347 3612 astra
372 3558 483 3629 petebat
508 3561 592 3632 equis.
652 3553 754 3634 Ercpli
781 3557 861 3632 regis
888 3555 1062 3616 desiderium
1086 3556 1214 3634 populus
1240 3559 1372 3636 exprimit

267 3658 302 3718 ir.
326 3658 445 3720 LXXll:
476 3662 523 3738 qui
544 3679 665 3737 uersus,
688 3677 762 3739 quos
785 3660 961 3720 Niebuhrius
984 3661 1138 3721 admiratur
1158 3661 1178 3721 l.
1203 3662 1222 3722 l.
1245 3680 1274 3740 p.
1300 3663 1369 3736 260,

266 3763 347 3824 Liuio
377 3765 525 3826 obuersari
546 3785 613 3826 esse
636 3767 783 3841 uidentur,
815 3783 878 3824 cum
901 3765 975 3825 haec
997 3767 1142 3826 scriberet
1162 3767 1174 3827 l
1197 3767 1249 3829 16:
1277 3773 1370 3828 deiide

266 3892 285 3929 a
309 3875 413 3946 patras
442 3875 516 3930 aritio
545 3873 623 3945 sacto
658 3875 738 3929 deam
774 3875 825 3929 deo
855 3879 950 3929 natam
977 3891 1068 3948 repom
1093 3885 1293 3950 parentemque
1322 3895 1365 3933 ar-

266 3981 307 4034 la's
326 3979 472 4035 Romanae
493 3980 604 4034 saluere
625 3980 750 4034 uniuersi
763 3979 907 4036 Romulum
929 3981 1034 4045 iubeat·
1050 3999 1151 4055 pacem
1169 3984 1300 4055 precihus
1319 3998 1364 4038 cr-

258 4091 392 4156 poscant,
410 4091 451 4141 ati
468 4087 563 4141 aokrts
583 4087 719 4157 propitias
740 4082 820 4140 scam
841 4101 952 4157 semper
979 4090 1092 4159 sospitet
1111 4091 1282 4161 proponiem.
1343 4081 1364 4141 ll
1457 4035 1459 4114 l

263 4183 378 4244 Proculi
390 4183 451 4244 lulii
464 4187 596 4247 oratione
609 4193 699 4245 restal
712 4186 745 4245 ir.
757 4185 884 4246 LXXlll.
911 4187 1074 4250 Proximum
1086 4207 1201 4248 uersum
1218 4186 1360 4266 (lxxiv)

264 4291 309 4349 cui
331 4290 480 4350 lribuerim
502 4287 615 4366 nesciri,
639 4309 695 4350 neo
717 4292 835 4352 multum
858 4294 932 4354 inter
948 4302 1007 4361 est;
1031 4295 1088 4354 hoc
1106 4303 1201 4353 tumen
1220 4294 1285 4355 inde
1300 4309 1360 4352 con·
1454 4235 1457 4346 l
