3112 5040
254 463 337 510 xclv
545 452 851 522 QVAESTIONES
874 454 1102 511 ENNIANAE

253 611 357 693 essem,
370 618 395 676 s's
409 625 539 690 reynaret
553 619 685 676 a'mnldas.
710 624 739 675 at
762 635 779 676 e
801 617 837 676 fr.
851 615 894 676 IX
914 619 948 676 Si
957 622 1018 693 qais
1038 621 1104 694 quid
1118 623 1184 676 noni
1199 618 1369 692 lnamselat,

252 744 325 802 altae
347 745 420 815 qaod
438 737 615 822 mortdliami
642 721 709 800 leste
731 753 809 815 esset,
832 747 863 801 ed
883 745 1010 801 uenator
1025 743 1107 816 dlqne
1119 743 1274 801 ostondeha't
1290 745 1367 801 Iani.

254 846 309 919 Qui
331 863 434 905 uersus
457 845 526 904 iicet
545 848 725 906 seueriorem
748 865 899 906 censuram
921 864 1012 922 aegre
1033 847 1203 922 sustineant,
1225 846 1254 906 id
1268 855 1370 907 tamen

254 950 395 1024 indicant,
418 967 476 1010 non
497 969 605 1010 meram
628 952 666 1012 ihi
682 971 717 1014 ao
738 955 907 1032 primitiaam
926 968 1043 1029 prosam
1065 955 1228 1014 arationem
1249 952 1363 1012 haberi.

254 1053 308 1115 cui
339 1057 382 1113 rei
415 1056 545 1132 assedit,
574 1059 652 1134 quod
683 1060 711 1117 in
741 1058 799 1116 iilis
832 1057 971 1118 Laetantii
1002 1058 1189 1135 dignissimae
1220 1058 1366 1138 quaedam

253 1159 345 1218 Ennio
368 1161 532 1220 iooutiones
554 1163 705 1242 dispersae
726 1171 804 1222 sunt:
830 1162 911 1221 uelut
939 1163 995 1223 hoo
1019 1166 1096 1242 qaod
1124 1173 1169 1224 est
1195 1166 1223 1222 in
1250 1163 1286 1220 ir.
1310 1160 1367 1220 VII

253 1277 368 1325 montem
396 1274 443 1342 qni
467 1279 584 1327 aacatnr
614 1277 711 1328 caeli
734 1274 828 1327 stela
836 1296 844 1333 ,·
873 1269 988 1345 quaudo
1012 1270 1088 1329 hune
1110 1277 1228 1349 poetam
1251 1274 1366 1326 constat

253 1387 310 1431 non
342 1372 542 1452 infrequenter
575 1392 653 1434 suam
686 1374 847 1433 orationem
877 1372 997 1434 Graecis
1031 1377 1153 1436 uocibus
1185 1374 1362 1446 distinxisse,

253 1477 349 1558 qualia
373 1485 450 1537 sunt:
474 1491 559 1538 terrm
582 1478 657 1536 hnn.
681 1480 752 1538 470.
776 1479 854 1546 471;
878 1498 946 1554 anea
976 1480 1050 1540 Anu.
1079 1480 1157 1550 484;
1185 1487 1265 1556 spira
1287 1479 1361 1537 Anu.

253 1584 329 1653 501;
352 1588 450 1643 aethra
472 1583 546 1646 hun.
566 1584 643 1651 418;
677 1587 794 1660 lychnos
813 1581 887 1641 hnn.
911 1583 987 1660 328,
1012 1585 1077 1646 alia.
1124 1585 1221 1665 Atque
1246 1585 1297 1646 ilia
1321 1585 1362 1644 ia·

253 1689 370 1748 miliaris
391 1698 437 1747 est
462 1688 555 1748 Ennio
578 1706 662 1767 quam
686 1705 714 1766 p.
738 1687 793 1746 XX
815 1689 897 1766 tetigi
920 1691 1102 1750 eonsuetudo
1127 1691 1295 1770 explicandi
1309 1689 1359 1748 Im-

253 1798 311 1855 tine
340 1796 364 1852 si
393 1795 461 1871 quid
487 1795 657 1854 insolentius
689 1804 736 1853 aut
763 1793 877 1854 Graece
907 1795 1076 1872 protulerit:
1107 1805 1137 1856 ut
1169 1817 1264 1857 musas
1294 1814 1362 1873 quas

255 1905 324 1960 Grai
344 1911 504 1972 memorant,
524 1919 573 1960 nos
596 1906 793 1961 Casmenarnm
815 1898 890 1958 Auo.
914 1901 947 1970 2;
980 1907 1106 1976 sophiam
1133 1907 1269 1980 sapientia
1292 1920 1362 1977 qaae

248 2011 410 2082 perhibetur
431 2006 506 2064 Ana.
531 2005 604 2074 2273
637 2015 717 2064 uento
746 2024 826 2080 quem
854 2009 1000 2080 perhibent
1032 2013 1146 2068 Graiam
1176 2027 1263 2084 aenas
1293 2015 1361 2067 adra

252 2117 345 2186 limana
369 2111 443 2171 Anu.
472 2112 544 2180 149;
571 2117 680 2171 Ennius
708 2116 774 2170 dicit
799 2115 892 2170 Nilum
920 2113 1055 2170 Melonem
1087 2121 1198 2188 nocam,
1228 2117 1362 2172 Atlantem

252 2236 320 2276 aero
339 2221 511 2277 Telamonem
533 2215 607 2276 hun.
631 2216 653 2275 Ι.
677 2217 712 2275 ir.
734 2214 867 2275 XXVIII.
892 2216 1004 2289 Quibus
1020 2218 1121 2278 slmilia
1143 2237 1181 2279 ex
1196 2217 1363 2278 Euhemero

254 2331 335 2382 sunl:
357 2329 438 2383 Plato
461 2331 558 2384 Latine
578 2332 619 2380 est
639 2327 690 2382 Dis
711 2333 811 2397 paler:
839 2328 887 2381 alli
909 2327 1009 2382 Oreum
1030 2335 1131 2384 uocant
1148 2322 1222 2384 Euh.
1252 2324 1306 2394 20;
1334 2332 1362 2383 in

253 2449 284 2488 ea
316 2435 373 2491 loeo
400 2437 525 2506 sospena
549 2436 576 2488 in
602 2433 709 2488 eaelum
732 2433 805 2504 quod
824 2447 898 2487 nnnc
915 2448 965 2487 aas
986 2437 1172 2508 nominamus,
1192 2437 1273 2506 idque
1293 2437 1362 2506 Iap—

250 2543 323 2611 piter
344 2543 417 2612 qaod
437 2542 532 2596 aether
547 2538 697 2594 uocabatur
714 2551 839 2607 precans
853 2539 978 2608 primum
995 2541 1102 2594 coelam
1123 2543 1275 2596 reaminaait
1287 2536 1361 2596 Euh.

254 2643 307 2712 33;
337 2647 402 2704 Ζᾶν
425 2638 543 2723 Κρόνου
569 2645 598 2698 id
623 2649 664 2698 est
690 2643 787 2697 Lntlne
815 2642 942 2715 Iuppiter
970 2645 1087 2702 Satarm'
1110 2641 1184 2702 Euh.
1209 2645 1258 2702 74.
1288 2641 1362 2716 Quin

254 2751 339 2809 etiam
361 2749 535 2809 adiitteratio
559 2749 586 2806 in
604 2746 648 2806 his
672 2749 818 2804 Curetes
837 2751 889 2820 filil
907 2753 953 2807 sui
971 2759 1200 2808 enraaernnt
1223 2748 1297 2808 Euh.
1322 2733 1363 2809 71'

252 2856 320 2916 mihi
340 2857 401 2915 uisa
425 2864 470 2915 est
499 2854 630 2933 speeiem
652 2852 794 2930 quandam
821 2851 979 2912 Ennianam
1004 2852 1124 2924 habere.
1169 2853 1232 2928 Qua
1254 2873 1287 2913 re
1308 2853 1360 2914 iai·

252 2963 348 3022 luntur
370 2963 419 3040 qui
440 2960 633 3034 hanelantium,
654 2975 717 3016 eum
740 2974 794 3035 per
826 2953 1000 3018 Giaeronem
1028 2959 1116 3019 talem
1146 2959 1231 3019 Ennii
1258 2959 1360 3018 librum

252 3069 322 3129 oiim
344 3069 435 3128 fuisse
457 3067 605 3139 nauseet,
628 3079 686 3141 quo
708 3064 800 3122 maior
819 3080 890 3122 suae
915 3063 1065 3125 doetrinae
1094 3067 1252 3126 auotoritas
1273 3065 1360 3125 adde·

251 3183 348 3251 retur,
371 3176 465 3253 ipsum
489 3190 541 3232 sua
562 3188 645 3231 manu
672 3169 848 3229 confinxisse
870 3187 945 3246 quae
963 3188 1018 3249 pra
1041 3170 1177 3230 Ennianis
1200 3171 1361 3230 uenditaret

252 3280 434 3340 arbitrantur.
479 3279 551 3342 Nam
587 3279 666 3358 quod
693 3277 791 3337 uerbis
825 3273 1025 3335 Ciceronianis
1055 3273 1177 3335 Ennium
1204 3273 1360 3334 Euhemeri

251 3404 363 3446 suoram
376 3386 524 3447 historiam
537 3386 769 3463 ‘interpretatum
781 3399 849 3440 esse
861 3388 948 3459 atque
966 3386 1109 3441 secutum’
1122 3381 1191 3440 dioit
1203 3377 1253 3461 (ir.
1266 3378 1360 3458 vlit),

252 3490 319 3569 quid
341 3493 442 3550 mirum
470 3493 498 3550 in
529 3501 587 3551 tam
614 3489 743 3566 diligenti
767 3485 919 3546 Ciceronis
948 3484 1085 3548 lectore?
1135 3484 1360 3545 Verumtamen

250 3601 315 3677 ipse
335 3599 487 3676 ignorasse
509 3599 622 3658 uidetur
642 3595 725 3657 Ennii
747 3594 865 3668 librum,
892 3610 977 3670 quem
997 3595 1113 3672 ineptiis
1137 3599 1289 3670 poetarum
1309 3608 1358 3668 op-

251 3714 340 3785 ponat
369 3704 421 3783 (Ir.
446 3704 495 3765 III.
525 3702 613 3783 xli),
643 3703 779 3763 uersibus
809 3702 1004 3779 conscriptum
1033 3699 1142 3774 inisse,
1181 3699 1360 3775 quantumuis

251 3811 320 3871 aiibi
337 3829 369 3870 se
388 3809 472 3870 Ennii
490 3810 581 3870 uerba
599 3810 766 3870 traditurum
782 3807 963 3886 profiteatur,
986 3805 1023 3864 oi.
1037 3803 1073 3864 fr.
1096 3801 1147 3863 III.
1167 3803 1244 3863 VIII.
1290 3803 1360 3862 Inde

250 3919 372 3996 suspitio
399 3926 464 3977 nata
494 3915 578 3975 Ennii
607 3931 711 3974 uersus
738 3913 890 3990 antiquitus
916 3912 1019 3972 neseio
1042 3930 1126 3990 quem
1148 3911 1177 3968 in
1201 3911 1360 3969 arationem

250 4021 417 4099 pedestrem
446 4021 644 4096 conuertisse,
668 4035 829 4079 conuersos
853 4036 935 4076 suum
963 4017 991 4075 in
1023 4035 1105 4076 usum
1138 4033 1263 4076 uacasse
1289 4015 1360 4075 Iae-

251 4128 378 4186 tantiam.

668 4273 951 4284 ...ἡ-.-

1528 618 1532 739 i

1531 4081 1538 4422 i
