3112 5040
242 473 376 522 uxxxvr
430 497 433 502 -
648 457 958 528 QVAESTIONES

242 630 375 689 rietatem
404 624 507 684 subeat
528 624 565 684 de
594 633 690 684 satura
717 623 856 699 cogitatio
884 637 1041 698 -neque
1065 619 1139 678 enim
1159 619 1207 696 qui
1228 616 1350 676 indolem

242 743 358 794 saturae
379 729 528 790 Ennianae
544 731 695 806 cognorit,
716 727 861 787 inlandum
881 723 1016 784 clamabit
1037 732 1132 782 tantae
1151 722 1245 782 laudis
1264 723 1352 781 uirum

242 841 270 898 in
293 846 389 896 satura
407 836 569 913 praedicari
586 869 627 880 —
641 845 699 895 tum
721 833 835 894 adiuuat
858 829 1047 906 suspitionem
1065 829 1247 888 coniunctum
1264 827 1352 905 quod-

244 945 309 1004 dam
331 941 416 1002 Nonii
439 937 650 1017 Ciceronisque
674 939 885 998 testimonIum:
909 950 1030 1011 quorum
1052 931 1103 991 ille
1126 951 1201 1011 quae
1226 933 1353 992 nerbas

241 1052 327 1112 lertio
350 1058 513 1108 saturarum
529 1046 628 1104 citauit
647 1054 749 1103 terres
769 1047 946 1103 curtiali
963 1045 1080 1113 campi
1093 1059 1160 1114 quos
1172 1045 1245 1116 perit
1256 1043 1355 1116 Africo

244 1167 323 1217 terro
341 1160 455 1231 politos,
480 1169 515 1211 ea
538 1169 554 1209 e
579 1148 723 1210 Cicerone
745 1145 966 1224 gloriabundum
991 1143 1028 1202 de
1049 1161 1081 1202 se
1104 1144 1272 1222 Scipionem
1296 1146 1355 1206 edi·

246 1261 324 1322 disse
347 1257 517 1334 conligitur:
538 1254 574 1312 de
598 1252 644 1312 lin.
659 1252 688 1314 h.
715 1263 744 1312 et
766 1271 803 1312 m.
827 1251 854 1310 ll
876 1251 933 1325 32,
961 1249 1019 1308 106
1040 1256 1132 1326 imque
1152 1254 1255 1310 beator
1276 1256 1354 1327 Afri-

245 1383 333 1424 cemus
354 1384 415 1423 cum
432 1367 530 1438 putria
551 1363 596 1418 illo
618 1363 696 1419 modo
716 1365 829 1435 loquens
856 1361 962 1416 ‘desine
983 1358 1073 1414 Roma
1094 1365 1154 1414 tuos
1175 1354 1285 1420 hostie';
1311 1373 1352 1412 re·

244 1477 370 1546 licitoque
389 1469 547 1542 praeclare.
586 1465 671 1521 ‘Nom
693 1469 739 1524 ridi
758 1469 924 1522 munimento
946 1467 999 1520 mei
1014 1479 1155 1537 peperere
1175 1464 1304 1520 labores!
1328 1467 1357 1518 el

245 1575 282 1635 de
304 1581 378 1632 orat.
401 1569 513 1645 11142,
536 1569 595 1628 167
618 1574 739 1628 ornandi
758 1587 843 1627 causo
855 1573 1002 1642 proprium
1016 1571 1136 1641 proprio
1152 1574 1356 1624 commutatum.-

244 1684 351 1738 ‘desime
371 1711 406 1722 --
430 1678 541 1740 doeriu'5
564 1683 590 1733 et
610 1677 736 1733 ‘testeo
755 1681 836 1732 sunt
857 1679 977 1748 compr·
995 1673 1131 1748 magen?
1168 1669 1249 1729 llaec
1264 1671 1356 1729 omnia

247 1777 354 1838 cicero
378 1795 416 1836 ex
430 1776 523 1836 Ilnnio
546 1795 632 1857 quem
655 1794 712 1836 non
734 1779 861 1837 nominet
884 1777 1033 1837 delibauit.
1081 1776 1145 1838 Nec
1167 1777 1215 1853 qui
1237 1774 1355 1836 Cicero·

248 1901 314 1944 uem
328 1881 442 1940 nouerit
458 1892 486 1942 et
501 1902 557 1961 qua
573 1884 685 1942 ratione
706 1892 824 1942 ueteres
848 1881 938 1940 citare
960 1890 1095 1941 auctores
1112 1881 1217 1956 soleat,
1241 1881 1356 1940 multum

246 1992 276 2050 in
294 1986 420 2048 leuicula
443 2005 517 2065 quae
541 1997 585 2046 est
611 1990 640 2046 in
662 1995 756 2063 campi
774 1993 869 2063 magni
890 1995 918 2046 et
941 1991 990 2046 loti
1009 1993 1103 2061 campi
1124 1985 1275 2046 uocabulis
1301 1987 1354 2046 dis·

247 2093 395 2172 crepanlla
418 2091 565 2151 haerebit:
590 2111 653 2152 cum
669 2093 841 2170 praesertim
865 2093 942 2151 citati
963 2092 999 2151 ab
1021 2091 1116 2152 Nonio
1139 2096 1244 2151 ‘testes
1266 2091 1307 2152 illi
1329 2091 1356 2148 in

247 2199 348 2258 Africa
370 2198 475 2274 compi'
491 2199 619 2256 nesciam
641 2213 699 2275 quo
716 2198 809 2274 aplius
833 2215 918 2273 quam
941 2198 976 2259 ad
992 2198 1160 2276 Scipionem
1181 2197 1353 2256 referantur.

247 2303 368 2379 Quare
398 2319 461 2360 cum
490 2303 605 2360 tertium
630 2313 790 2362 saturarum
814 2302 917 2362 librum
939 2305 994 2363 iam
1019 2319 1077 2362 non
1101 2301 1189 2362 liceat
1211 2299 1357 2378 ScipIonis

249 2408 383 2470 laudibus
401 2407 586 2481 defraudare,
611 2407 721 2484 quidni
745 2409 838 2468 eidem
860 2418 919 2468 tres
942 2410 1114 2487 eScipione
1138 2425 1212 2485 quae
1236 2407 1359 2464 citantur

247 2515 387 2593 reliquias
410 2507 611 2572 ascribemus?
646 2509 734 2571 Cuius
757 2523 873 2574 saturae
897 2533 956 2592 ego
978 2515 1052 2574 lianc
1074 2494 1141 2574 mihi
1163 2511 1293 2588 speciem
1316 2508 1357 2564 in-

247 2619 387 2694 iormeui,
413 2628 441 2677 ut
463 2624 551 2695 poeta
574 2634 632 2675 non
660 2635 772 2676 omnem
795 2619 942 2696 Scipionis
965 2623 1052 2680 uitam
1079 2615 1276 2697 percurrerit,
1305 2613 1358 2671 sed

249 2725 287 2783 oh
307 2741 355 2782 res
379 2725 406 2781 in
429 2721 529 2780 Africa
549 2722 718 2782 felicissime
740 2731 840 2800 gestas
862 2723 1032 2782 familiarem
1055 2720 1112 2780 sibi
1134 2721 1238 2782 ducem
1259 2721 1355 2796 singu·

248 2830 302 2890 lari
327 2830 453 2888 carmine
476 2836 651 2904 prosecutus
674 2831 719 2887 sit.

333 2932 433 2992 Nexus
460 2950 494 2992 ac
522 2951 626 2992 sensus
650 2932 836 3010 reIIquierum
864 2952 938 3011 quae
967 2932 1003 2994 ad
1024 2933 1190 3012 Scipionem
1215 2931 1357 3008 pertinent

249 3039 314 3098 iere
337 3037 365 3094 iu
387 3046 490 3115 aperto
514 3047 567 3095 est.
613 3036 654 3095 Ita
677 3037 721 3096 his
744 3037 878 3096 uersibus
896 3043 1014 3098 mundus
1035 3043 1107 3096 caeli
1128 3046 1224 3097 uectus
1244 3040 1358 3094 constitil

250 3148 355 3203 silentio
377 3161 403 3201 e.
429 3160 456 3219 q.
483 3160 507 3199 s.
533 3141 604 3220 (IV)
634 3159 698 3200 cum
725 3143 773 3202 alii
805 3153 862 3202 lum
886 3144 1014 3203 Ritterus
1045 3143 1189 3202 intellexit
1211 3143 1355 3220 Scipionis

251 3249 278 3306 in
300 3246 428 3306 Alricam
450 3249 663 3324 nauigationem
683 3248 815 3327 depingi:
840 3249 916 3310 conl.
939 3248 1020 3308 Liuio
1042 3247 1166 3308 XXVIII
1187 3250 1225 3308 17
1242 3254 1355 3324 ipse...

247 3358 392 3429 profectus
419 3333 567 3428 tranquillo
595 3360 670 3412 mari
694 3359 844 3427 plurimum
865 3361 962 3426 remis,
995 3359 1131 3414 Interdum
1154 3365 1179 3414 et
1200 3359 1255 3414 Iemi
1279 3357 1357 3412 odm-

248 3468 332 3518 emme
361 3466 442 3516 uento
478 3465 506 3518 im
539 3462 667 3533 Africam
699 3465 811 3518 traiecit.
861 3459 1064 3536 Fragmentum
1102 3459 1224 3520 alterum
1260 3465 1358 3534 qur'que

245 3572 365 3638 propter
386 3565 552 3622 Honmtlmlio
578 3571 673 3640 copias
696 3569 851 3624 considerat
873 3565 930 3643 (V)
954 3565 1080 3625 fortasse
1104 3565 1199 3625 locum
1221 3566 1249 3622 in
1271 3563 1357 3641 adpae

252 3677 314 3728 ratu
338 3667 443 3745 proelii
463 3667 576 3729 hahuit:
606 3671 719 3730 tertium
740 3677 850 3746 sparsis
870 3675 957 3730 testu
979 3689 1005 3730 o.
1031 3689 1059 3749 q.
1085 3689 1108 3730 s.
1133 3670 1206 3751 (Vl)
1236 3689 1274 3730 ex
1292 3671 1357 3748 ipso

254 3783 397 3851 sumptum
426 3777 592 3835 certamine.
638 3775 760 3838 Relicua
782 3778 818 3837 ad
841 3776 943 3852 leudes
958 3775 1123 3836 referuntur
1147 3776 1182 3836 ah
1208 3777 1274 3854 ipso
1296 3774 1357 3834 Sei·

252 3881 339 3958 pione
362 3879 451 3938 dese
474 3881 670 3958 praedicatas:
693 3889 786 3942 demae
801 3886 890 3942 Romo
912 3891 970 3941 tuos
989 3885 1130 3941 tostis-
1145 3903 1210 3942 mem
1231 3885 1278 3940 tili
1298 3901 1358 3940 mu-

251 3993 375 4046 nimenta¹
396 3990 450 4044 mei
464 4003 605 4061 peperere
627 3991 734 4048 labores
760 4021 795 4030 -
822 3997 901 4046 testes
921 3997 985 4046 sunt
1003 3991 1068 4045 Lati
1086 3995 1178 4064 campi
1200 4007 1267 4063 quos
1290 3992 1361 4062 perit

251 4095 351 4166 Africa
372 4101 450 4150 terro
464 4097 564 4166 polim
587 4089 656 4168 (X).
702 4091 784 4164 Quos
804 4110 906 4152 uersus
928 4091 1056 4150 Rilterus
1079 4091 1097 4150 l.
1120 4092 1140 4150 l.
1165 4111 1192 4170 p.
1209 4091 1269 4152 394
1293 4108 1358 4170 per·

254 4195 405 4254 commode
434 4197 477 4254 eis
511 4196 686 4270 inlustrouit‚
721 4215 795 4275 quae
823 4196 919 4256 Liuius
950 4195 1101 4255 XXXVIII
1130 4197 1170 4258 50
1202 4197 1356 4276 perhibuit,

254 4299 421 4377 Scipionem
442 4300 484 4378 (a.
509 4319 536 4359 u.
561 4321 586 4362 c.
604 4301 682 4380 565)
705 4319 721 4360 a
744 4301 853 4362 Petiliis
874 4303 903 4362 io
924 4303 968 4362 ius
991 4310 1124 4362 uocatum
1143 4310 1201 4364 cim
1223 4309 1281 4364 ullo
1302 4309 1357 4362 eri-
