2984 5048
258 363 320 430 162
649 370 976 430 EPIGRAMMATA

759 536 865 607 VIII*

361 707 369 725 .
423 707 432 724 .
485 706 494 724 .
548 655 662 728 decern
682 657 816 728 coclites
837 656 932 750 queis
951 656 1118 726 montibus
1137 654 1285 724 summis

359 757 473 848 Ripeis
492 759 618 828 fodere.

774 859 821 930 IX
836 857 852 894 *

293 985 334 1046 45
361 973 463 1045 Simia
485 997 583 1068 quam
604 975 719 1048 similis
741 976 933 1069 turpissima
956 976 1061 1048 hestia
1083 977 1195 1047 nohis!

780 1110 844 1183 x*
1046 1095 1047 1100 '

362 1226 532 1311 Quaerunt
550 1227 583 1297 in
604 1228 713 1322 scirpo
734 1229 822 1300 soliti
841 1227 931 1323 quod
951 1227 1060 1298 dicere
1081 1227 1216 1296 nodum.

651 1432 972 1504 EPIGRAMMATA

812 1602 825 1671 l

364 1717 513 1809 Aspicite
534 1742 554 1789 o
573 1719 680 1805 ciues,
708 1718 798 1790 senis
820 1719 904 1788 Enni
924 1718 1078 1811 imaginis
1100 1719 1258 1787 sormam!

413 1821 476 1890 Hic
498 1826 645 1892 uestrum
666 1823 782 1918 panxit
803 1822 946 1892 maxima
968 1824 1055 1891 facta
1076 1825 1216 1912 patrum.

365 1924 468 1994 Nemo
488 1947 539 1995 me
562 1925 715 1995 lacrumis
735 1925 869 1995 decoret
889 1945 951 1994 nec
969 1927 1087 1994 funera
1103 1925 1180 1992 fletu
1267 1937 1269 1950 ·

415 2027 520 2098 Fexit.
542 2029 623 2098 cur?
648 2029 752 2099 uolito
773 2028 872 2099 uiuus
892 2049 953 2118 per
975 2051 1034 2098 ora
1056 2028 1173 2097 uirum.

296 2225 357 2277 VIII
376 2229 458 2278 Varro
473 2229 505 2278 de
516 2227 546 2278 L.
557 2229 586 2278 L.
601 2230 650 2278 VII
659 2230 690 2279 71
703 2229 737 2278 Μ.
759 2229 843 2295 ‘apud
857 2229 980 2278 Ennlum:
1000 2227 1099 2278 decem'
1116 2243 1144 2276 e.
1158 2241 1183 2288 q.
1196 2241 1219 2276 a.
1236 2223 1286 2274 ‘ab
1300 2222 1383 2273 oculo

263 2297 372 2347 cocles
391 2305 419 2346 ut
440 2297 508 2347 ocles
529 2298 626 2357 dictus,
651 2300 694 2360 qui
712 2313 791 2347 unum
805 2298 911 2348 haberet
926 2297 1045 2347 oculum!
1081 2295 1187 2345 ‘Sermo
1207 2301 1245 2344 est
1263 2293 1297 2342 de
1318 2294 1383 2342 Ari-

263 2367 361 2430 maspis
379 2382 401 2416 s.
416 2367 553 2426 Vnoculis,
579 2369 622 2430 qui
636 2369 715 2417 uicIni
729 2369 964 2433 Hyperboreorum,
983 2368 1010 2415 in
1023 2366 1146 2430 Rhipaeis
1164 2364 1309 2422 montibus,
1334 2378 1382 2411 au-

262 2450 319 2484 rum
334 2436 463 2502 Grypihus
483 2444 598 2502 ereptum
617 2436 766 2488 fodiebant!
794 2437 823 2487 Ο.
840 2437 986 2487 Muellerus.
1013 2434 1052 2484 cf.
1068 2435 1188 2484 Herodoti
1203 2435 1238 2482 IV
1255 2432 1296 2484 13.
1330 2431 1381 2482 Sa-

263 2505 326 2554 turis
339 2506 448 2571 ascripsi
461 2521 518 2555 cum
532 2506 674 2572 Tanagra
744 2507 782 2555 IX
800 2507 887 2557 Cicero
904 2507 936 2556 de
947 2512 998 2554 nat.
1015 2504 1085 2556 deor.
1101 2502 1204 2564 135,97
1225 2503 1300 2567 ‘ipsa
1311 2516 1380 2551 uero

264 2590 341 2637 quam
362 2575 427 2624 nihil
447 2575 551 2624 adrem
569 2577 678 2640 pertinet
698 2591 763 2638 quae
782 2591 829 2626 uos
851 2575 959 2625 delectat
980 2575 1092 2624 maxime
1108 2572 1262 2622 similitudo!
1289 2569 1379 2628 Quid?

265 2645 335 2694 canis
354 2659 440 2694 nonne
454 2644 547 2692 similis
567 2644 646 2709 lupo?
671 2652 746 2708 atque
764 2653 792 2694 ut
811 2646 921 2695 Ennius:
946 2645 1033 2692 simia'
1059 2659 1081 2692 e.
1103 2659 1128 2706 q.
1143 2659 1164 2692 s.
1192 2645 1234 2690 ‘at
1247 2655 1335 2690 mores
1351 2643 1378 2688 in

263 2721 371 2776 utroque
387 2713 522 2778 dispares!
549 2712 641 2778 (Deest
657 2714 700 2763 hic
714 2714 786 2764 locus
799 2715 825 2764 in
838 2715 918 2764 Palat.
936 2722 960 2762 et
974 2711 1068 2776 Vind.)
1094 2711 1133 2762 (ll.
1154 2711 1263 2762 Serenus
1284 2710 1379 2759 Samo-

265 2783 337 2831 nicus
352 2783 383 2832 de
395 2783 463 2832 med.
477 2782 528 2832 825
549 2783 621 2833 ‘siue
632 2783 709 2833 horno
726 2798 772 2833 seu
793 2784 917 2834 similis
936 2783 1134 2846 turpissIma
1150 2781 1259 2830 hestia
1278 2779 1378 2828 nobis

264 2852 379 2901 Vulnere
398 2852 473 2902 dente
494 2851 576 2901 dedit'
603 2869 625 2902 e.
646 2869 671 2917 q.
692 2868 714 2902 s.
786 2853 811 2903 X
834 2854 925 2902 Festus
946 2866 972 2917 p.
989 2849 1041 2902 330
1057 2851 1090 2901 M.
1115 2851 1190 2900 ‘inde
1208 2849 1378 2914 prouerbium

265 2928 304 2970 est
318 2922 499 2971 incaseatum
513 2936 567 2981 res,
588 2936 653 2983 quae
664 2922 759 2972 nullius
773 2923 940 2988 inpedimenti
956 2929 1028 2982 eunt,
1047 2921 1074 2970 in
1087 2921 1171 2984 scirpo
1185 2918 1280 2968 nodum
1296 2933 1378 2980 quae-

265 3005 329 3040 rere.
358 2991 467 3040 Ennius:
487 2991 621 3053 quaerunt'
642 3007 664 3040 e.
679 3007 703 3054 q.
718 3007 740 3040 s.

299 3059 516 3109 Ertennmmnre
551 3061 562 3108 I
582 3059 669 3110 Cicero
684 3061 759 3110 Tusc.
775 3060 842 3126 disp.
863 3059 931 3120 115,
945 3058 980 3110 34
1001 3058 1077 3121 ‘quid
1090 3057 1199 3122 poetae?
1217 3070 1301 3104 nonne
1315 3063 1378 3120 post

265 3136 372 3180 mortem
395 3129 524 3178 nobilitari
544 3129 650 3178 uolunt?
668 3130 736 3179 unde
751 3144 811 3195 ergo
829 3129 911 3180 illudi
929 3126 1017 3193 [1.2].
1051 3127 1194 3176 Mercedem
1212 3125 1311 3190 gloriae
1328 3125 1378 3174 tta-

265 3199 329 3264 gitat
348 3199 379 3248 ab
399 3199 445 3260 iis,
464 3212 571 3262 quorum
589 3207 674 3264 patres
694 3199 813 3250 affecerat
829 3198 924 3264 gloria:
944 3198 1075 3259 idemque:
1093 3209 1169 3259 nemo
1185 3195 1238 3244 me¹
1259 3211 1280 3242 e.
1304 3210 1329 3256 q.
1352 3210 1375 3243 s.

266 3268 363 3317 Ibidem
382 3267 426 3328 49,
447 3268 495 3317 117
521 3269 641 3330 ‘quodsi
655 3269 711 3330 fiat,
730 3269 820 3318 melior
833 3269 897 3317 Enni
910 3282 986 3330 quam
999 3265 1100 3316 Solonis
1120 3265 1208 3314 oratio.
1238 3264 1283 3312 llic
1305 3265 1375 3312 enim

265 3343 363 3386 noster:
384 3352 473 3386 nemo
490 3337 702 3404 messlacrimis
721 3338 871 3398 decoret,
891 3337 987 3399 inquit,
1006 3351 1064 3385 neo
1132 3335 1231 3384 laxit.
1262 3335 1294 3380 At
1310 3348 1375 3383 uero

266 3405 310 3454 ille
328 3407 445 3469 sapiens:
465 3420 532 3454 mors
550 3421 606 3456 mea
620 3422 651 3456 ne
665 3413 749 3456 careat
762 3407 889 3456 lacrimIs:
909 3406 1053 3468 ltnquamus
1066 3404 1156 3453 amicis
1171 3403 1325 3466 Memorem,
1347 3411 1376 3451 ut

308 3585 343 3640 43
364 3595 433 3650 quas
448 3579 520 3634 libri.
537 3594 607 3649 ques
622 3579 748 3652 Sccliper
832 3582 948 3650 montib3
965 3578 1050 3636 stimis
1066 3578 1144 3632 Flor.
1228 3581 1264 3634 44
1285 3577 1374 3646 ripeis
1460 3631 1461 3646 q

266 3666 343 3720 Flor.
357 3663 454 3720 Herm.
467 3663 538 3717 Por.
555 3681 581 3718 a.
601 3665 707 3734 ripheis
724 3665 794 3724 Por.
809 3665 834 3721 d.
857 3665 963 3734 rhipeis
985 3662 1063 3718 Goth.
1079 3661 1215 3731 Rhipaeis
1237 3659 1267 3714 0.
1283 3659 1373 3716 Muel-

265 3751 342 3805 lerus
428 3747 525 3802 ledere
539 3748 610 3802 Par.
624 3765 652 3802 c.
667 3749 763 3804 ledere
778 3751 855 3807 Flor.
871 3748 940 3804 Par.
958 3749 983 3802 h.
1002 3746 1115 3800 loedere
1133 3745 1211 3802 Goth.
1227 3744 1322 3798 Home

310 3855 325 3905 1
354 3848 425 3902 Enni
445 3846 588 3916 imaginis]
616 3847 656 3918 cs.
676 3848 872 3903 Lachmannus
898 3848 936 3902 ad
955 3848 1039 3903 Lucr.
1069 3845 1113 3901 VI
1132 3848 1185 3904 743
1276 3845 1374 3914 panxit

265 3933 356 4002 unlpo.
369 3932 458 4004 plnxit
470 3929 540 4000 nep.
552 3929 624 3984 Poe
708 3933 839 3987 lacrumis
851 3931 963 3987 Monac.
976 3947 991 3984 c
1003 3930 1060 3986 Oct.
1073 3932 1137 3984 naci.
1154 3929 1275 3984 lacrimis
1289 3931 1375 3982 ceteri

267 4017 329 4071 libri
412 4017 511 4070 lunera
526 4013 592 4068 lietu
606 4014 670 4069 libri
681 4031 782 4071 omncs.
803 4018 901 4072 sunere
924 4015 1019 4070 tletum
1035 4013 1160 4086 Sculipcr
1174 4013 1261 4069 Cauil.
1272 4031 1305 4084 p.
1318 4017 1372 4070 183

267 4107 294 4154 et
306 4100 424 4154 eusdem
437 4099 537 4170 θρωπε.
553 4099 608 4154 dita.
621 4098 691 4157 Par.
707 4105 775 4160 1605
785 4105 870 4171 p.89.
888 4102 985 4155 lunera
998 4101 1103 4154 lessum
1119 4099 1257 4155 Bentlet'us
1269 4097 1307 4151 od
1316 4096 1370 4151 Cic.

271 4183 351 4238 rosc.
376 4183 452 4252 Ι49,
478 4187 528 4242 117
614 4183 803 4238 decoret
826 4185 894 4238 laxit
914 4201 968 4239 om.
990 4183 1060 4253 Rep.
1081 4182 1152 4237 Pon
1174 4181 1228 4237 Cic.
1253 4181 1332 4235 Tusc.
1354 4181 1374 4234 I

205 4257 210 4272 '
268 4273 311 4334 15,
326 4271 362 4324 34
444 4273 463 4326 4
483 4284 567 4339 quum
583 4269 668 4323 nolito
682 4269 831 4324 seeundum
846 4270 973 4324 ‘meliora
986 4267 1171 4338 exemplomo'
1188 4265 1311 4337 Scalipcr
