2984 5032
277 463 390 512 xxxvl
673 451 987 524 QVAESTIONES

279 620 298 680 l.
313 619 332 679 l.
346 637 375 698 p.
390 616 462 679 387.
486 616 550 692 Qua
564 617 759 698 discrepantia
776 617 892 679 adducti
906 618 1019 698 quidam
1031 627 1062 678 ut
1073 616 1208 678 liauisius
1223 613 1270 674 ad
1288 611 1365 674 Cic.
1381 612 1417 672 de

278 723 336 783 diu.
360 723 372 782 l
394 720 445 798 48,
470 724 528 784 107
551 733 581 784 et
592 723 794 806 Wopkenius
816 723 898 783 Lect.
922 720 998 784 Tull.
1018 741 1047 802 p.
1058 722 1121 784 262
1136 722 1307 801 inportuna
1326 736 1418 780 mann

280 826 435 888 emendare
462 846 581 907 uersus,
611 833 693 909 quasi
721 829 843 892 Ennium
873 829 910 890 de
937 827 1030 891 Ennio
1059 829 1227 910 expulsuri,
1260 827 1418 904 adgressi

279 941 354 992 sunt.
399 931 463 994 Nec
484 951 554 994 sane
575 933 765 1013 Hottingerus
781 937 817 997 ad
839 933 901 996 Cic.
925 936 945 995 l.
969 937 989 998 l.
1013 938 1152 998 memoria
1170 939 1198 994 in
1221 953 1260 994 ea
1281 952 1324 993 re
1351 931 1417 1009 lap·

279 1056 342 1098 sum
364 1055 432 1098 esse
450 1046 567 1117 poetam
590 1043 732 1121 cuiquam,
755 1043 870 1121 opinor,
894 1042 1091 1120 persuadebit.
1145 1041 1317 1120 integritas
1345 1057 1415 1098 uer·

280 1160 372 1218 suum,
394 1144 422 1202 in
445 1143 549 1220 quibus
572 1144 619 1205 uel
638 1147 701 1206 sine
724 1148 889 1208 testimonio
913 1147 982 1208 nihil
1002 1149 1166 1210 mutandum
1187 1147 1256 1222 luit,
1290 1145 1416 1206 indicio

280 1249 375 1308 Seruii
398 1248 526 1310 lirrnatur
547 1252 575 1311 in
598 1251 673 1312 Aen.
692 1252 733 1314 lll
755 1247 824 1314 462·
843 1258 977 1314 Romulus
1008 1262 1119 1330 captato
1143 1259 1261 1331 copario
1286 1257 1413 1312 hesrom

279 1359 314 1414 de
327 1361 461 1416 Auentino
484 1367 575 1417 monte
592 1363 621 1416 in
638 1362 797 1418 Palatinum
815 1365 889 1433 iecit,
909 1377 980 1436 quoe
996 1364 1059 1434 fixo
1080 1361 1209 1433 fronduit
1220 1369 1249 1418 et
1260 1361 1413 1418 arborem

276 1466 357 1539 fecit:
389 1462 427 1522 cl.
454 1461 529 1523 Plut.
549 1462 633 1524 Rom.
665 1483 691 1524 ο.
715 1464 756 1526 20
786 1464 869 1525 Ouid.
898 1465 967 1526 blet.
995 1463 1049 1524 XV
1078 1464 1150 1525 560.
1195 1464 1315 1526 Hastae
1350 1462 1411 1520 uim

279 1588 314 1630 ac
342 1570 489 1630 notionem
520 1570 729 1648 Schweglerus
758 1572 778 1631 l.
809 1573 828 1633 l.
853 1591 882 1652 p.
906 1571 967 1632 395
998 1570 1146 1650 expendit.
1190 1571 1249 1632 Sed
1283 1569 1410 1630 Remus

280 1677 308 1734 in
331 1693 417 1763 quem
438 1685 564 1736 montem
587 1679 737 1753 augurium
761 1688 875 1758 captum
898 1679 993 1755 iuerit‚
1016 1695 1074 1737 non
1092 1677 1198 1736 dicitur
1213 1674 1321 1736 inillis
1337 1689 1408 1731 uer·

279 1780 376 1842 sibus:
400 1790 429 1841 et
452 1789 548 1841 tamen
569 1800 675 1842 nexum
692 1785 717 1842 si
734 1793 871 1843 accurate
888 1782 1091 1864 perpenderis,
1114 1784 1143 1844 id
1155 1782 1319 1843 memorari
1333 1787 1405 1840 aute

281 1907 309 1947 u.
329 1885 369 1948 82
389 1885 528 1946 debuisse
550 1886 708 1946 concedes.
754 1889 820 1961 Quo
841 1906 905 1948 οιιιιι
927 1889 1085 1950 accederet
1106 1890 1177 1950 mira
1199 1887 1355 1969 quaedam
1378 1886 1406 1943 in

283 1995 340 2055 boc
363 2012 451 2056 uersu
475 1991 585 2053 codicis
609 1993 764 2072 scriptura,
787 1994 823 2055 de
843 1994 946 2056 lacuna
967 1995 1095 2073 cogitaui
1117 1995 1200 2055 unius
1221 1993 1335 2052 saltem
1352 1989 1403 2050 uel

281 2100 402 2161 duorum
424 2116 579 2175 uersuum,
609 2114 684 2177 quos
708 2108 801 2159 utrum
826 2098 932 2161 Cicero
956 2103 1086 2162 omiserit
1105 2101 1238 2162 consulto
1264 2118 1303 2160 an
1331 2115 1403 2178 per·

280 2207 365 2265 ierint
387 2206 569 2274 librariorum
591 2206 701 2266 incuria
722 2223 779 2266 non
802 2207 913 2267 dirimo.
953 2206 1016 2281 Qua
1038 2225 1071 2266 re
1093 2223 1157 2266 oum
1180 2205 1216 2266 ad
1239 2207 1399 2266 coniectu·

280 2330 339 2372 ram
363 2330 412 2372 res
434 2311 547 2387 redeat,
569 2313 597 2370 in
619 2311 755 2372 Remuria
771 2311 926 2390 probabile
946 2321 992 2373 est
1014 2310 1133 2372 Remum
1154 2313 1307 2388 augurium
1346 2326 1399 2368 en·

282 2425 435 2496 pectasse:
463 2416 538 2477 baec
566 2419 640 2478 enirn
667 2437 736 2480 uera
760 2418 843 2479 Ennii
874 2419 962 2479 lectio
991 2437 1019 2476 u.
1051 2416 1090 2478 85
1123 2422 1267 2476 certabant
1294 2420 1396 2477 orbem

283 2528 401 2584 Romam
419 2528 606 2584 Remoramne
626 2537 775 2586 uocarent:
796 2543 852 2584 neo
874 2525 902 2582 in
922 2541 959 2583 eo
978 2521 1114 2584 haerebis
1136 2523 1215 2601 quod
1229 2527 1395 2592 Rentoram,

282 2646 339 2688 non
367 2635 527 2690 Remos-tom
556 2630 661 2690 dixerit
685 2637 785 2709 poeta.
831 2627 962 2708 Cumque
984 2628 1143 2705 llionysius
1171 2628 1264 2690 Halic.
1289 2627 1394 2703 Antiq-

283 2733 366 2792 Rom.
386 2733 454 2794 185
477 2753 506 2813 p.
523 2734 584 2794 222
601 2734 702 2796 Reislr.
726 2736 763 2796 de
779 2734 915 2796 Remuria
938 2735 997 2796 ἔστι
1019 2733 1051 2796 δὲ
1064 2735 1141 2796 dicat
1156 2727 1188 2796 rb
1208 2733 1316 2818 χοιρίον
1329 2722 1393 2793 ἐπι-

281 2831 399 2918 τήδειον
413 2833 616 2916 ὑποδέξασθαι
630 2836 726 2914 πόλιν,
749 2833 840 2918 λόφος
861 2831 896 2900 οὗ
909 2837 1010 2921 πρόσω
1030 2845 1082 2902 τοῦ
1101 2838 1235 2921 Τιβέριος
1249 2839 1394 2930 κείμενος,

282 2938 399 3023 ἇπίχων
420 2948 470 3024 τῆς
487 2938 599 3025 Ῥώμης
610 2937 689 3025 cippi
704 2944 771 3018 τοὺς
792 2937 950 3028 τριάκοντα
966 2947 1111 3024 σταδίους,
1133 2953 1162 3006 ei
1183 2952 1289 3022 postea
1309 2963 1337 3004 ο.
1351 2940 1391 3004 86

283 3069 311 3128 p.
332 3047 393 3109 224
414 3049 515 3111 Reislt.
537 3037 578 3131 ἦν
602 3049 634 3112 δὲ
649 3044 786 3136 Ῥωμύλῳ
809 3049 863 3130 μὲν
888 3045 1108 3131 οἰωνιστήριον,
1134 3049 1210 3110 ἔνθα
1230 3039 1315 3127 ἠξίου
1337 3041 1393 3126 τὴν

282 3150 425 3218 ἀποικίαν
444 3152 574 3239 ίὸριίσαι,
589 3150 621 3219 τὸ
642 3150 829 3218 Παλολντιον·
862 3150 969 3243 Ῥώμῳ
990 3156 1021 3219 dl
1041 3149 1166 3239 προεχὴς
1181 3151 1282 3240 ἐκείνῳ
1298 3149 1391 3234 λόφος

283 3254 445 3338 Admone
458 3259 652 3343 καλούμενος·
677 3257 723 3337 ὦς
741 3262 779 3324 tt
797 3283 897 3336 τινες
918 3263 1145 3339 ἱστοροῦσιν,
1167 3251 1388 3344 ἡῬιομορίιι,

283 3370 444 3446 allionysii
467 3372 598 3451 partibus
614 3371 745 3432 standum
765 3373 830 3445 erit,
850 3369 1032 3450 quantumuis
1047 3382 1131 3442 unus,
1154 3367 1178 3424 sl
1191 3366 1306 3443 quidem
1323 3368 1387 3426 Ste-

283 3476 394 3556 pltanut
416 3476 536 3552 Busant.
559 3497 588 3556 p.
608 3477 680 3552 544,
700 3476 718 3537 3
742 3476 815 3537 bueo
831 3469 982 3556 ‘Pepooplo
996 3467 1079 3542 πόλις
1096 3471 1222 3550 πλησίον
1236 3464 1347 3551 Ῥώμης
1371 3489 1387 3529 e

282 3583 435 3660 Dionysio,
456 3591 488 3642 ut
510 3582 604 3642 credit
625 3581 849 3659 Schweglerus,
873 3580 988 3653 hausit„
1003 3577 1168 3639 Remuriam
1186 3578 1222 3639 ab
1242 3579 1387 3638 Auentino

284 3691 429 3751 diuersam
448 3687 611 3769 perhibeat.
655 3685 709 3748 Cui
727 3705 790 3746 curn
808 3686 1016 3763 Schweglerus
1040 3685 1059 3745 l.
1074 3686 1093 3745 Ι.
1109 3703 1137 3764 p.
1153 3685 1215 3744 440
1230 3684 1315 3745 iidem
1330 3700 1385 3742 non

285 3797 406 3873 babeat,
440 3814 541 3875 parurn
576 3797 749 3874 respexisse
778 3793 900 3866 Ennium
935 3793 1066 3852 uidetur:
1098 3791 1174 3870 apud
1208 3808 1294 3868 quem
1323 3806 1385 3848 cunr

284 3903 445 3963 Auentinus
469 3910 664 3978 occuparetur
684 3919 700 3960 a
724 3885 859 3974 Romulo,
883 3898 1018 3958 Remuria
1044 3897 1150 3978 χωρίον
1170 3919 1198 3958 τι
1218 3900 1272 3956 τοῦ
1290 3886 1384 3974 Ἀβεν-

222 4039 229 4054 ·
284 4009 366 4070 eloco
384 4001 535 4088 καρτερόν,
558 4014 588 4064 ut
611 4007 649 4064 ait
672 4004 841 4066 Plutarchus
865 4005 946 4063 Rom.
975 4023 1001 4064 c.
1027 4006 1081 4080 ll,
1105 4021 1173 4063 esse
1195 4002 1310 4061 omniuo
1331 4018 1383 4060 non

284 4117 388 4194 potuit.
427 4110 881 4174 ct.1ttetunnus1.t.1248.
923 4110 1031 4170 Verum
1057 4109 1140 4170 Ennii
1168 4109 1294 4168 narratio
1322 4105 1382 4166 aliis

283 4238 401 4299 quoque
428 4219 589 4279 nominibus
620 4237 636 4278 a
666 4219 860 4296 posteriorum
889 4218 1026 4276 memoria
1054 4214 1149 4274 distat.
1206 4211 1283 4273 Nihil
1313 4212 1381 4272 eninr

281 4327 368 4388 tradit
391 4326 427 4386 de
447 4324 529 4385 Remi
558 4325 761 4403 qualicumque
789 4323 929 4400 augurio:
961 4322 1065 4382 nedum
1091 4321 1128 4382 de
1151 4319 1252 4380 iraude
1273 4317 1381 4378 Romuli
