2984 5048
513 482 518 502 ’
561 490 804 559 RELIQVIAE

625 655 739 726 XXIV

229 826 236 842 .
291 825 298 840 .
353 827 360 842 .
414 775 488 867 quis
510 795 573 843 nos
594 775 690 865 pater
711 777 768 844 aut
791 772 955 866 cognatus
980 774 1072 844 uolet

229 875 353 944 Contra
374 878 482 948 tueri?

632 993 731 1063 XXV

137 1121 201 1180 445
228 1164 606 1183 .......
612 1137 616 1144 ·
636 1113 669 1180 ’.
722 1111 883 1203 capitibus
905 1111 1095 1181 nutantibus

228 1213 283 1281 'Ibi
305 1214 402 1304 pinos
424 1216 602 1308 rectosque
624 1236 804 1304 cupressos

622 1349 736 1419 XXVI

231 1464 296 1549 Qui
317 1468 369 1535 sui
392 1472 552 1560 quaestus
574 1469 676 1538 carisa
696 1469 790 1538 licias
813 1467 974 1537 suscitant
995 1467 1184 1538 sententias.

620 1603 747 1674 XXVII

234 1719 431 1812 ['quuam]
468 1722 642 1817 quicquam
671 1723 846 1816 quisquam
877 1721 1045 1815 cuiquam,
1083 1720 1173 1814 quod
1208 1720 1239 1789 ei

774 1826 965 1909 conueniat,
988 1823 1113 1916 neget?

161 2063 247 2116 XXIV
265 2067 347 2116 Varro
362 2065 394 2115 de
408 2065 437 2115 L.
447 2066 477 2119 L.
489 2067 536 2117 Vll
547 2066 579 2116 12
590 2067 624 2120 M.
645 2068 748 2116 ‘tueri
763 2066 813 2116 duo
829 2067 968 2133 siguificat,
984 2083 1064 2118 unum
1078 2068 1109 2116 ab
1123 2074 1237 2134 aspectu,

126 2141 154 2183 nt
173 2136 243 2197 dixi,
267 2135 334 2183 unde
351 2143 389 2184 est
407 2136 472 2185 llnni
490 2136 569 2186 illud:
593 2143 665 2185 tueor
682 2142 707 2185 tc
724 2152 859 2186 senex...
876 2145 914 2186 et:
939 2137 996 2200 quis
1015 2137 1100 2202 pater’
1126 2153 1150 2188 e.
1170 2152 1195 2199 q.
1215 2151 1237 2185 s.

128 2202 208 2260 Quem
225 2219 328 2253 uersum
347 2218 397 2252 non
412 2204 602 2265 hexametrum,
623 2205 692 2267 quod
705 2205 784 2270 uulgo
803 2206 967 2263 credebatur,
986 2206 1033 2256 sed
1049 2205 1239 2271 tragoediarum

128 2289 185 2323 esse
202 2281 230 2321 ut
247 2289 322 2336 quern
340 2273 484 2338 proximum
503 2275 613 2338 ascripsi
626 2273 780 2324 Ritschelius
800 2275 886 2325 docuit
901 2275 955 2328 lnd.
973 2274 1053 2325 sclrol.
1072 2276 1154 2324 Boun.
1173 2283 1236 2328 aest.

129 2341 196 2392 1852
214 2357 246 2406 p.
257 2341 305 2390 XV
375 2343 447 2391 XXV
471 2341 569 2394 Gellius
583 2343 641 2391 XIII
657 2343 691 2392 20
712 2344 822 2393 ‘Ennius
844 2341 904 2392 item
925 2351 1007 2394 rectos
1022 2357 1159 2408 cupressos
1173 2344 1240 2392 dixit

128 2419 216 2460 contra
235 2419 364 2475 receptum
382 2412 502 2460 uocabuli
519 2427 601 2478 genus
618 2411 668 2460 hoc
684 2427 776 2460 uersu:
797 2412 938 2477 capitibus'
958 2429 980 2461 e.
996 2428 1022 2474 q.
1042 2428 1063 2462 s.
1084 2413 1196 2462 ‘firmior
1213 2414 1237 2462 ei

128 2481 203 2530 credo
222 2487 247 2528 et
268 2481 376 2531 uiridior
390 2494 468 2530 sonus
491 2495 548 2530 esse
565 2482 637 2528 uocis
656 2480 727 2530 uisus
746 2491 798 2540 est,
828 2487 934 2530 rectos
951 2480 1036 2530 dicere
1054 2495 1238 2545 cupressos,

130 2565 207 2612 quam
224 2557 315 2601 rectas.
353 2549 446 2599 Contra
464 2564 525 2600 uero
543 2549 612 2598 idem
624 2549 720 2597 Ennius
735 2551 761 2599 in
777 2549 862 2599 annali
880 2548 1118 2599 duodeuicensimo’
1138 2566 1161 2604 e.
1176 2565 1202 2611 q.
1216 2564 1236 2598 s.

128 2618 225 2667 Nonius
234 2633 260 2682 p.
274 2618 333 2680 195,
345 2619 380 2666 24
395 2622 587 2681 ‘cupressus
601 2618 704 2682 generis
714 2617 844 2678 feminini,
857 2625 886 2666 ut
897 2618 1002 2667 dubium
1011 2633 1062 2667 non
1071 2625 1118 2670 est.
1138 2618 1238 2668 Mascu-

129 2687 175 2735 lini
192 2686 303 2737 Ennius:
323 2687 462 2752 capitibus’
484 2702 506 2738 e.
528 2703 552 2748 q.
573 2701 593 2736 s.
665 2685 749 2736 XXVI
768 2685 855 2736 Cicero
873 2687 906 2736 dc
924 2686 976 2737 diu.
999 2685 1076 2751 140,
1095 2685 1130 2736 88
1149 2689 1239 2749 ‘atquc

129 2757 205 2805 etiarn
219 2763 277 2804 aute
290 2755 339 2806 hos
348 2755 519 2821 Amphiaraus
532 2762 557 2804 ct
566 2755 694 2815 Tiresias,
710 2770 760 2805 non
775 2755 886 2805 humiles
902 2764 926 2805 et
941 2756 1044 2804 obscuri
1059 2770 1141 2819 neque
1151 2770 1238 2805 eorum

129 2825 240 2884 similes,
266 2833 294 2872 ut
319 2826 390 2892 apud
414 2825 523 2873 Ennium
546 2832 600 2884 est,
627 2825 681 2885 qui
705 2826 757 2874 sui
780 2832 935 2887 quaestus
959 2825 1068 2874 cuusa’
1094 2841 1116 2874 e.
1135 2840 1160 2887 q.
1178 2840 1200 2876 s.

164 2894 260 2942 XXVII
278 2893 351 2943 Rhel.
368 2895 402 2943 ad
414 2894 568 2943 Herennium
583 2895 617 2942 lV
634 2893 681 2953 12,
701 2893 733 2943 18
755 2896 793 2943 ‘et
813 2895 835 2943 si
856 2894 994 2944 citabimus
1010 2893 1124 2943 eiusdem
1140 2893 1239 2942 litterae

130 2963 236 3012 nimiam
251 2963 441 3023 assiduitatem,
461 2963 503 3012 cui
520 2963 583 3011 uitio
599 2976 689 3012 uersus
703 2962 746 3011 bic
760 2965 808 3013 erit
822 2962 940 3028 exemplo
957 2963 1029 3028 (narn
1043 2962 1087 3011 hic
1102 2961 1166 3012 nihil
1179 2977 1239 3028 pro-

130 3032 200 3081 hibet
221 3033 247 3081 in
269 3033 340 3082 uitiis
363 3032 454 3082 alienis
472 3031 597 3097 exemplis
614 3029 677 3095 uti):
706 3031 808 3082 oTile’
828 3049 851 3084 e.
870 3049 895 3095 q·
915 3049 937 3086 s.
957 3032 1033 3096 [Ann.
1055 3031 1116 3098 113]
1139 3032 1238 3081 ‘ethic

131 3101 246 3151 eiusdem
263 3104 368 3166 poetae:
388 3102 536 3165 quicquam'
556 3117 579 3155 e.
599 3116 624 3163 q.
645 3117 669 3152 s.

170 3317 224 3372 443
243 3328 284 3385 sq.
301 3313 364 3383 quis
384 3327 437 3366 nos
458 3316 538 3383 pater
551 3316 598 3365 aut
616 3315 752 3381 cognatus
768 3309 844 3364 uolet
860 3305 962 3364 Contra
978 3305 1049 3362 tueri
1064 3305 1240 3362 Riochatus.

131 3397 192 3468 quis
208 3403 287 3468 pater
301 3402 348 3450 aut
368 3401 505 3468 cognatus
520 3396 596 3451 uolet
611 3411 663 3449 nos
685 3399 782 3449 contra
796 3393 866 3448 tueri
889 3393 980 3449 Varro
1073 3395 1124 3449 445
1140 3397 1239 3446 nutan-

130 3482 202 3536 tibus
217 3480 336 3548 Nom'ua‚
355 3479 462 3550 Grypb.
479 3496 532 3551 my.
559 3479 635 3535 Voss.
653 3496 691 3532 m.
702 3495 753 3549 pr.
770 3478 890 3533 nutantis
913 3477 991 3533 Voss.
1009 3491 1085 3532 corr.
1098 3491 1159 3530 cum
1171 3481 1240 3530 ecte-

131 3565 171 3618 ris
255 3566 308 3622 446
328 3563 367 3616 ibi
380 3561 560 3631 Riiscbcla'us,
582 3578 634 3617 om.
652 3563 715 3616 libri
797 3565 850 3619 448
869 3576 1000 3630 umquam
1017 3560 1048 3615 0.
1065 3557 1240 3630 abacelam,

131 3664 184 3703 om.
197 3647 267 3702 libri.
353 3645 506 3716 quidquam
522 3645 670 3716 quisquam
684 3645 814 3714 culquam
829 3643 906 3714 quod
920 3644 947 3697 ei
968 3643 1116 3698 conueniat
1131 3642 1162 3698 0.
1174 3642 1240 3696 Rib-

132 3730 251 3786 bcclciuc
273 3730 421 3801 quicquam
440 3730 526 3801 quicq
540 3745 646 3800 quemq
667 3728 758 3798 quisq.
775 3727 924 3782 conueniat
946 3725 1074 3781 Wucrzb.
1091 3727 1240 3796 quisquam

133 3817 281 3888 quicquam
297 3830 456 3885 quanquam
472 3829 631 3885 quenquam
647 3811 794 3882 quisquam
815 3811 965 3866 conueniat
980 3809 1068 3882 Opitz.
1090 3810 1240 3880 quicquam

133 3902 279 3972 quisquam
295 3914 463 3971 quemquam
478 3897 597 3969 quisque
613 3896 763 3950 conueniet
782 3895 891 3951 Wiadb.
902 3895 980 3950 Fris.
996 3892 1148 3965 quidquam
1163 3893 1241 3963 quis·
1328 3913 1335 3928 ·

134 4002 216 4057 quam
232 4000 400 4055 quemquam
415 3998 527 4054 quamq.
545 3981 637 4052 quisq.
653 3981 803 4035 conueniat
824 3978 894 4034 Pur.
921 3978 1073 4049 quidquam
1093 3977 1241 4048 quisquam

134 4085 300 4140 quemquam
319 4069 438 4139 quisque
453 4065 605 4121 conueniat
619 4065 718 4120 Bantb.
733 4082 760 4118 α.
774 4063 927 4134 quidquam
940 4062 1088 4133 quisquam
1102 4077 1241 4132 quemque

134 4155 251 4225 quisque
273 4152 424 4208 conueniat
446 4149 545 4205 Bamb.
565 4148 590 4206 b.
612 4148 765 4220 quidquam
781 4148 928 4218 quisquam
947 4162 1113 4217 quemquam
1129 4162 1240 4216 qnemq.

135 4239 195 4308 quis
214 4237 364 4292 conueniat
380 4235 473 4291 Troos.
492 4232 645 4306 quidquam
661 4234 811 4304 quisquam
828 4246 996 4302 quemquam
1011 4230 1073 4300 quis
1092 4231 1242 4284 conueniat

137 4321 204 4377 Tur.
221 4322 374 4394 quidquam
389 4321 537 4391 quisquam
553 4318 685 4389 cuiquam
704 4315 779 4388 quod
797 4314 947 4372 conueniat
961 4315 1042 4387 uulqo
