2984 5048
550 423 793 494 5555555511

587 587 759 658 LXXXIX

222 707 370 778 Flamma
386 706 450 778 loci
473 708 650 799 postquam
668 706 860 777 oonclosast
877 706 1007 778 turbine
1028 729 1133 778 saeuo

642 853 703 925 XC

220 971 305 1041 Huic
324 976 466 1044 statuam
485 971 585 1044 statui
603 972 761 1042 maiorem
784 969 880 1042 horto
899 993 1033 1044 auream
1051 973 1176 1045 ahenis.

622 1121 697 1194 XCI
711 1121 727 1159 *

129 1251 191 1312 555
217 1243 290 1313 Rex
312 1243 426 1315 ambas
449 1241 536 1312 ultra
557 1241 683 1312 fossam
706 1243 906 1333 protendere
925 1249 1043 1340 coepit.

613 1392 703 1464 XCII
717 1392 734 1429 *

219 1513 254 1584 15
277 1515 406 1584 montes
428 1510 554 1603 patrios
578 1512 611 1578 et
634 1510 677 1580 ed
699 1511 898 1584 incunabula
918 1519 1033 1586 nostra

618 1661 679 1732 XC
712 1663 725 1732 l

220 1783 387 1854 Siluarum
405 1780 511 1852 saltus
530 1780 673 1851 latebras
683 1663 867 1875 Ilamasque
885 1783 1015 1854 lutosas

620 1932 728 2002 XCIV

221 2053 330 2146 Atque
350 2075 449 2124 manu
472 2071 595 2142 magna
612 2049 783 2120 Romanos
803 2051 919 2144 inpulit
941 2056 1057 2127 amnis

628 2203 721 2275 XCV

219 2375 227 2392 .
280 2321 438 2413 premitur
460 2321 545 2414 pede
566 2343 627 2412 pes
650 2325 749 2414 atque
769 2322 870 2392 armis
891 2345 982 2391 arma
1003 2325 1162 2394 teruntur.

617 2472 726 2544 XCVI

131 2599 192 2660 560
221 2588 389 2660 Carbasus
409 2591 476 2662 alta
494 2589 586 2660 uolat
603 2591 744 2681 pandam
763 2590 902 2662 ductura
923 2591 1076 2662 carinam.

115 2792 225 2841 Ennium
240 2793 295 2840 ...’
402 2789 537 2840 LXXXIX
555 2790 642 2841 Sohol.
656 2794 715 2841 Vat.
733 2793 760 2841 in
773 2793 831 2842 Ter.
844 2793 934 2842 Heaut.
952 2793 976 2842 11
989 2791 1015 2854 3,
1028 2795 1045 2844 4
1062 2793 1105 2859 (L.
1119 2791 1234 2859 Schope-

115 2875 163 2910 nus
175 2874 262 2928 progr.
276 2861 358 2912 Bonn.
374 2858 441 2910 1832
455 2876 482 2927 p.
497 2857 527 2924 C)
553 2861 634 2911 ‘loei:
659 2861 808 2927 parhelcon.
822 2877 881 2912 nam
897 2862 947 2912 loci
966 2865 1035 2914 omni
1051 2862 1234 2928 significatIoni
1336 2873 1339 2890 ¹

115 2929 177 2980 addi
196 2930 269 2979 solet.
299 2929 397 2980 Ennius
419 2931 484 2979 ...’
555 2929 601 2981 XC
619 2930 771 2981 Consentius
791 2931 824 2982 de
846 2931 1012 2982 barbarismis
1035 2947 1062 2998 p.
1085 2931 1117 2984 31
1137 2932 1232 2983 Buttm.

115 3000 243 3049 ‘Enniusz
262 2999 336 3050 buie'
365 3015 388 3048 5.
404 3015 428 3062 q.
442 3015 463 3049 5.
485 3001 525 3049 ‘et
544 2999 588 3050 bic
603 3015 703 3064 quoque
720 3015 767 3066 per
779 3001 976 3067 metaplasmum
994 3003 1106 3069 dempsit
1123 3001 1234 3053 litteram

115 3070 145 3117 r.¹
216 3068 273 3119 XCI
293 3067 416 3119 Claudius
430 3068 556 3119 Sacerdos
570 3070 629 3120 144
642 3069 717 3120 Eudl.
739 3070 913 3135 ‘synecdoche
1008 3071 1097 3138 perid
1111 3073 1179 3134 quod
1195 3072 1234 3123 di-

101 3133 180 3187 'citur
199 3137 264 3189 illud
283 3138 352 3202 quod
372 3139 501 3200 sequitur:
523 3141 582 3188 rex'
610 3155 633 3189 e.
653 3156 678 3202 q.
699 3155 721 3189 s.
748 3140 915 3190 ‘subauditur
934 3141 1002 3190 enim
1022 3141 1131 3190 manus!
1157 3141 1235 3191 Ennii

114 3223 217 3257 uersum
237 3223 294 3259 esse
309 3215 382 3275 putat
395 3206 574 3258 Lachmannus
592 3208 626 3258 ad
637 3207 713 3258 Lucr.
730 3211 765 3258 IV
780 3209 833 3260 oto
903 3208 973 3258 XCll
992 3209 1081 3260 Cicero
1096 3210 1129 3259 551
1142 3209 1194 3259 Att.
1211 3207 1235 3261 ll

116 3276 189 3337 15,3
214 3280 278 3344 ‘ego
298 3291 360 3327 uero
379 3277 411 3327 in
431 3285 555 3328 montes
575 3279 747 3342 patrioset
766 3278 805 3328 551
827 3277 1028 3327 incunabula
1048 3286 1161 3328 nostra
1175 3293 1235 3344 per-

115 3347 193 3411 gem!
222 3347 365 3396 Ennianum
378 3361 435 3396 esse
448 3354 507 3412 post
519 3345 671 3398 Sentenium
683 3347 716 3397 551
729 3348 910 3397 Terentianum
926 3362 953 3413 p.
967 3346 1019 3398 280
1031 3348 1151 3413 opinatur
1161 3347 1235 3396 Firu—

115 3416 226 3465 bsberus
244 3416 374 3481 Philologi
390 3417 426 3466 Vl
443 3417 493 3468 371
565 3415 649 3466 XCIII
668 3414 857 3466 Commentator
874 3416 980 3479 Cruquii
999 3417 1026 3466 in
1044 3417 1104 3466 Hor.
1124 3417 1207 3482 Epist.
1224 3418 1234 3466 l

118 3483 159 3542 13,
179 3483 213 3533 10
238 3484 371 3544 ‘lamas‚
395 3485 500 3535 lacunas
520 3486 645 3545 maiores,
671 3487 828 3536 continentes
847 3501 940 3548 aquam
960 3486 1095 3536 caelestem
1114 3487 1235 3552 555515-

115 3553 186 3600 uiam
272 3553 370 3602 Ennius
385 3556 437 3602 ...’
509 3552 592 3602 XClV
611 3553 698 3603 Sohol.
718 3555 814 3604 Veron.
834 3556 860 3604 in
874 3557 938 3605 Aen.
958 3555 982 3602 V
1001 3555 1051 3606 241
1073 3570 1099 3620 p.
1114 3555 1149 3606 95
1167 3555 1232 3605 Keil.

116 3621 242 3670 ‘Enniusz
258 3622 346 3684 atque’
363 3637 386 3670 5.
400 3637 425 3683 q.
441 3637 463 3671 5.
533 3621 604 3672 XCV
624 3623 721 3671 Hirtius
740 3623 800 3673 bell.
817 3624 890 3689 Hisp.
912 3639 934 3672 5.
947 3621 980 3674 31
997 3624 1067 3685 ‘bic‚
1087 3631 1115 3672 ut
1132 3625 1168 3673 ait
1184 3625 1235 3674 En-

115 3692 188 3752 nius,
213 3705 270 3756 pes
292 3689 375 3756 pede
397 3691 571 3756 premitur,
600 3692 698 3740 armis
718 3698 869 3741 teruntur
888 3694 991 3742 arms.¹
1068 3691 1151 3744 XCVI
1174 3693 1233 3742 Vet.

117 3816 326 3829 ——t

160 3899 212 3953 553
229 3894 393 3949 5555155551
409 3894 519 3950 turbiue
532 3894 673 3950 Faernus.
689 3909 829 3952 concussa
845 3895 1014 3968 praeorbine
1035 3895 1171 3952 Victorius

160 3983 213 4038 554
229 3979 366 4035 maiorem
382 3978 463 4034 horto
481 3995 596 4036 auream
611 3979 711 4036 ahenis
726 3978 924 4038 laebmoanus
939 3981 978 4036 ad
990 3979 1076 4036 Iuor.
1099 3979 1142 4036 VI
1154 3983 1233 4039 1135.

116 4065 253 4120 maiorum
267 4071 294 4119 et
309 4066 344 4119 ab
359 4067 406 4118 otu
420 4063 539 4120 Athenis
557 4063 724 4121 Consentius.
748 4066 839 4136 magis
863 4081 1024 4121 mansuram
1040 4081 1149 4136 auguro
1168 4064 1235 4120 ehe-

116 4149 161 4204 nis
177 4145 216 4202 Η.
231 4147 369 4220 1111555155
476 4147 1085 4208 555555551551515555555.5555555551.
1170 4165 1235 4219 pro·
1309 4202 1312 4206 .

116 4231 233 4288 tendere
244 4231 450 4290 1555555555.
466 4234 587 4288 retinere
602 4233 664 4290 cod.
771 4238 824 4294 558
838 4233 936 4304 inpulit
948 4233 1009 4290 cod.
1116 4236 1234 4306 sospes

117 4314 191 4388 pede
206 4319 356 4388 premitur,
379 4318 465 4374 armis
482 4322 607 4372 teruntur
624 4332 717 4386 55555,
740 4321 826 4374 metro
838 4319 939 4386 5515515,
961 4316 1071 4374 Hirtius

201 4417 314 4474 Enurvs.
999 4414 1020 4475 6
