2984 5032
208 441 231 488 x
638 432 892 492 PRAEFATIO

207 593 324 658 mereri
345 601 458 658 notum
480 604 543 678 est,
567 619 625 663 suo
648 604 763 682 rogatu
785 596 938 678 adduxit,
964 605 1001 662 ut
1023 597 1141 664 edendi
1164 609 1315 698 opportu-

206 712 340 776 nitatem
366 721 576 801 sumptusque
603 714 783 781 liberaliter
805 715 987 803 praeberet.
1033 715 1106 797 Quo
1133 718 1241 782 acrius
1264 741 1316 782 me

205 829 291 919 illuri
309 853 425 896 cauere
448 831 602 914 decebat,
627 857 669 900 ne
689 832 765 898 libri
787 835 886 899 nitori
908 855 946 898 ac
965 835 1105 919 petiae,
1137 858 1221 923 quae
1240 838 1315 902 arti-

205 947 280 1014 ficio
306 947 469 1014 Teubneri
493 951 644 1035 debetur,
677 952 761 1016 male
782 952 995 1040 responderet
1022 954 1148 1018 incuria
1170 953 1314 1019 editoris.

206 1064 316 1146 Quare
343 1067 423 1154 quid
449 1068 622 1133 iucundius
649 1070 730 1150 mihi
757 1073 927 1159 magisque
956 1081 1145 1159 exoptatum
1166 1094 1239 1138 esse
1260 1094 1316 1159 po-

205 1193 301 1249 terat
313 1207 411 1272 quam
431 1184 492 1250 tali
511 1187 698 1254 adiumento
720 1211 759 1254 ac
780 1189 945 1276 praesidio
967 1191 1031 1272 uti,
1059 1189 1155 1276 quale
1176 1190 1316 1274 insignis

205 1301 446 1370 beniuolentiae
473 1305 701 1371 documentum
723 1307 885 1372 Aureum
910 1308 1243 1374 strenuissimam
1268 1308 1316 1371 in-

205 1422 295 1507 genii
320 1444 418 1510 quam
441 1423 607 1490 oculorum
632 1425 777 1500 sollertia
797 1424 966 1511 praebuit:
997 1427 1053 1513 qni
1075 1448 1149 1491 cum
1169 1424 1317 1512 pagellas

204 1561 332 1606 mecum
350 1541 594 1628 typothetarum
615 1544 780 1610 erroribus
799 1565 940 1630 purgare
962 1567 1027 1612 non
1052 1553 1251 1628 recusasset,
1282 1546 1316 1610 in

205 1681 244 1724 eo
273 1656 385 1724 labore
405 1661 626 1746 ingratissimo
654 1670 721 1726 tam
750 1663 869 1727 acriter
897 1663 984 1728 rexit
1014 1664 1178 1730 inscitiam
1204 1685 1316 1751 opera-

204 1798 292 1859 rum,
315 1799 412 1863 quam
431 1776 575 1864 benigne
593 1801 703 1852 meam,
721 1781 841 1844 uirium
860 1781 1051 1847 tenuitatem
1072 1791 1106 1848 et
1125 1781 1229 1848 doctis
1249 1801 1316 1846 mo-

204 1893 383 1960 nitionibus
403 1905 435 1960 et
456 1899 597 1983 egregiis
619 1897 763 1962 inuentis
786 1897 923 1963 adiuuit.

288 2012 412 2078 Verum
426 2037 499 2080 cum
513 2016 579 2080 iam
590 2015 681 2082 'bona
692 2037 769 2102 pars
785 2015 1041 2100 fragmentorum
1054 2019 1146 2105 prelo
1160 2018 1315 2103 exissent,

204 2153 245 2196 en
273 2153 379 2197 nouae
411 2135 571 2200 accedunt
600 2133 751 2199 Halmii
777 2132 1122 2224 Fleckeisenique
1156 2137 1315 2204 subsidio·

204 2271 276 2315 rum
298 2249 390 2316 dotes
410 2253 626 2336 gratissimae.
670 2251 715 2318 Et
734 2252 1000 2318 Fleckeiseni
1024 2253 1155 2343 quidem
1174 2256 1317 2320 amicitia

204 2368 408 2452 factumest,
438 2378 474 2435 ut
487 2371 537 2436 -ad
560 2392 691 2454 uersus,
720 2370 837 2457 quibus
857 2371 1039 2458 Appuleius
1060 2375 1178 2456 utitur,
1204 2374 1315 2460 Hedy-

202 2487 448 2575 phageticorum
479 2487 521 2553 ab
552 2489 729 2555 Henrico
765 2488 903 2554 Keilio
939 2493 1070 2557 excussi
1102 2491 1316 2558 Laurentiaui

203 2607 295 2693 uaria
317 2607 414 2672 lectio
435 2629 524 2672 meas
542 2609 577 2672 in
596 2630 710 2674 manus
732 2609 871 2674 ueniret.
903 2607 1090 2675 Halmius
1112 2619 1230 2696 autem,
1251 2636 1315 2701 quo

204 2725 404 2810 singularem
426 2747 505 2810 erga
527 2749 579 2790 me
606 2726 862 2792 beniuolentiam
888 2726 1081 2812 cumularet,
1109 2730 1315 2817 perlustratis

203 2866 287 2930 quae
316 2843 481 2910 officinam
511 2845 712 2932 reliquerant
737 2844 894 2929 pagellis,
934 2853 967 2910 et
993 2869 1036 2910 ex
1064 2847 1228 2916 uberrimo
1255 2873 1314 2916 suo

203 2962 370 3028 Ciceronis
397 2971 556 3048 apparatu
584 2971 616 3026 et
645 2961 922 3049 eBambergensi
950 2965 1114 3030 Prisciani
1141 2966 1315 3054 Orosiique

203 3080 295 3144 libris
313 3081 403 3146 irrisit
421 3080 563 3168 opimum
576 3080 792 3168 discrepantis
808 3084 986 3168 scripturae
1004 3086 1194 3150 auctarium.
1232 3086 1315 3152 Cum

202 3207 372 3284 praeterea
410 3208 442 3265 et
479 3199 560 3264 mihi
595 3201 730 3284 sensim,
769 3223 852 3289 quae
890 3201 1101 3285 corrigerem,
1141 3203 1315 3269 subnasce-

202 3326 329 3400 rentur,
368 3316 433 3380 alia
467 3317 591 3402 Gellio,
624 3321 679 3405 qui
716 3321 842 3385 interea
875 3318 982 3384 lucem
1016 3320 1114 3405 uidit,
1150 3322 1316 3388 Hertnii

202 3435 453 3522 Kayserique
477 3435 529 3500 his
548 3437 628 3524 ipsis
650 3436 766 3503 diebus
789 3439 907 3505 emisso
930 3436 1105 3504 Cornificio
1125 3440 1169 3505 ad
1189 3441 1314 3506 Heren-

202 3556 292 3620 nium
314 3554 537 3638 adferrentur,
558 3555 635 3620 inde
653 3576 718 3620 non
738 3565 837 3622 tenue
859 3556 1099 3642 addendorum,
1121 3559 1210 3645 quod
1228 3560 1316 3626 infra

202 3674 355 3760 exposui,
379 3671 585 3758 spicilegium
606 3676 779 3740 succreuit.

285 3791 505 3856 Annalium
524 3791 542 3855 I
563 3791 604 3856 fr.
625 3784 691 3858 VII
713 3815 772 3858 non
794 3800 907 3871 diceret
927 3814 958 3858 sc
976 3799 1087 3860 eidnec
1106 3794 1201 3860 Leid.
1217 3795 1272 3861 ab

245 3914 286 3976 36
305 3921 335 3976 et
350 3917 410 3976 cita
430 3909 524 3974 Leid.
539 3911 595 3974 ab
681 3914 721 3974 37
742 3918 816 3977 talia
838 3923 899 3976 tum
919 3923 1063 3976 nument
1079 3911 1173 3976 Leid.
1188 3913 1273 3978 abc

245 4031 285 4093 38
305 4034 450 4108 eurydico
462 4028 557 4093 Leid.
571 4051 591 4092 a
603 4029 636 4094 b.
657 4034 794 4095 euridica
806 4029 935 4096 Leid.c
1020 4033 1061 4096 39
1079 4037 1143 4096 aaa
1157 4035 1224 4098 nat
1242 4055 1314 4098 cor-

199 4169 258 4228 pus
279 4169 359 4212 nuno
380 4148 771 4231 (acceperamus)
793 4148 888 4214 Leid.
901 4148 935 4214 b.
957 4151 1078 4228 uitaque
1096 4172 1206 4231 corpus
1223 4154 1316 4218 onim

203 4287 283 4332 nunc
302 4266 396 4332 Leid.
419 4288 438 4330 c
523 4270 564 4330 40
585 4287 693 4332 ameno
714 4266 808 4332 Leid.
829 4289 886 4334 ac
971 4272 1013 4334 42
1033 4269 1162 4354 corrige
1176 4280 1245 4350 post
1261 4277 1316 4336 illc

203 4386 238 4450 in
264 4392 358 4450 textu
443 4389 484 4452 43
516 4407 641 4466 quarm
669 4394 769 4468 utrouc
792 4409 880 4470 posse
909 4386 1004 4454 Leid.
1031 4410 1049 4454 c
1134 4391 1174 4454 45
1207 4388 1315 4455 scribe
