3070 5032
283 981 462 1054 VERSVS
479 980 616 1054 PAVLI
635 980 850 1054 MERVLAE
868 981 1073 1054 PERFIDIA
1090 977 1370 1052 PROPAGATI

342 1345 486 1414 Horrida
499 1345 693 1412 Romuleum
707 1247 886 1412 certaririna
902 1369 1011 1434 pango
1026 1345 1182 1412 duellum.

792 1463 828 1528 Π
1000 1549 1099 1614 armis

342 1631 502 1770 Condittn
516 1629 604 1696 Alba
617 1639 733 1719 potens

785 1751 840 1816 111

341 1850 485 1916 Nascere
500 1871 583 1950 quae
600 1849 738 1938 populos
752 1859 904 1938 terraque
917 1851 1062 1938 marique
1079 1849 1224 1914 lacesses

342 1935 428 2001 Belli
444 1934 575 2000 turbine
589 1956 808 2034 praepropero
823 1957 982 2002 concussa
995 1936 1184 2001 tremiscent

345 2020 471 2087 Cuncta
486 2042 578 2094 acres
592 2042 613 2083 a
626 2029 658 2085 te
674 2020 762 2084 uires

699 2137 717 2176 ξ
908 2137 926 2175 *

803 2187 822 2226 t

343 2301 567 2322 .....
611 2256 646 2322 in
661 2257 765 2322 Roma
779 2253 880 2319 Troia
895 2253 1018 2320 reuixti
1111 2267 1115 2300 ³

787 2373 837 2438 IV

340 2471 547 2560 Nequiquam
561 2471 706 2560 reliquae
722 2473 813 2538 carni
829 2471 912 2536 nihil
930 2479 979 2536 est
998 2470 1118 2536 anirnai

341 2685 455 2753 Dirius
471 2687 666 2775 supplicium
680 2589 985 2754 sceleriiuiolentia
998 2689 1112 2776 poscit.

290 2877 471 2928 Fatorum
489 2878 629 2929 Mattvtalt
663 2878 674 2927 Ι
692 2876 805 2928 Merulae
816 2877 912 2928 Comm.
927 2893 954 2944 p.
966 2877 999 2928 41
1021 2877 1125 2928 ‘citatur
1139 2884 1224 2928 autem
1239 2893 1256 2927 a
1269 2877 1304 2931 L.
1318 2879 1389 2930 Cal-

257 2949 350 3014 purnio
363 2948 456 2999 Pisone
468 2947 514 2998 lib.
529 2949 540 2997 1
557 2949 589 2998 de
603 2948 758 2998 continent-ia
771 2955 886 2998 ueterum
900 2951 1047 3014 poetarum
1067 2961 1117 3010 quo
1131 2946 1187 2996 loco
1204 2948 1237 2997 de
1250 2949 1387 3000 artificio-

257 3019 294 3068 sis
314 3017 416 3068 illorum
431 3018 587 3068 exordiis..
597 3017 799 3083 ..promittit
820 3018 925 3068 omnia
944 3018 982 3067 ad
1000 3033 1088 3067 snam
1108 3031 1209 3080 usque
1226 3025 1385 3069 aetatem

256 3087 387 3138 heroice
412 3089 547 3138 Ennius.
570 3087 715 3137 horrida'
741 3103 764 3140 e.
785 3102 810 3149 q.
832 3102 853 3136 s.
888 3087 1074 3138 Romuleum
1093 3086 1199 3136 Merula.
1221 3087 1384 3139 Romulei

257 3156 419 3224 Calpnmius.
447 3157 486 3209 Ci.
504 3157 838 3222 A.Kochiusaxero.p.1
909 3158 933 3206 II
952 3157 1018 3208 Ibid.
1033 3171 1067 3236 p.
1076 3155 1163 3208 165⁶·
1156 3170 1182 3205 in
1194 3155 1300 3206 Latmo
1321 3158 1382 3224 (sc.

257 3225 554 3292 GlossarioForneriiJ‘
562 3229 678 3278 sicerat:
696 3216 1150 3292 armipotensdatoapoiaop.
1178 3226 1349 3277 Ennius..

258 3295 298 3346 Cf.
315 3296 348 3346 A.
363 3296 505 3346 Kochiusl
520 3295 537 3344 l.
551 3312 578 3362 p.
593 3296 610 3346 3
680 3295 799 3344 uribid
816 3311 842 3360 p.
859 3294 910 3346 199
930 3296 1014 3362 ‘apud
1032 3295 1210 3374 Calpurnium
1216 3294 1281 3345 libro
1302 3296 1316 3344 I
1343 3298 1381 3348 de

257 3367 412 3416 continentia
425 3373 540 3415 ueterum
553 3368 700 3431 poetarum
719 3364 932 3445 apostrophe,
949 3366 1044 3428 inquit,
1063 3378 1208 3428 εακτικη
1223 3372 1275 3418 est
1290 3381 1380 3428 qno

255 3436 343 3484 tiens
361 3435 552 3484 auersatam
568 3434 606 3483 ad
625 3433 759 3496 quaeuis
775 3435 920 3484 oratione
936 3437 1114 3484 miscentur
1131 3434 1380 3486 uotanelbona

257 3504 308 3554 uel
331 3505 423 3554 mala.
451 3504 599 3553 Ennius
592 3517 623 3553 in
645 3503 877 3569 primoVrbem
897 3504 1097 3555 condendam
1118 3503 1315 3568 compellat,
1343 3514 1378 3556 et

256 3573 475 3640 compellatae
490 3574 611 3634 omnia,
632 3588 712 3636 quac
729 3574 987 3640 magnitudinem
1007 3575 1078 3624 eius
1096 3581 1273 3634 testatore,
1292 3589 1377 3638 pre-

256 3652 348 3694 catur
367 3643 417 3694 his
437 3643 561 3694 uerbis:
584 3658 779 3694 nascere
801 3643 904 3702 uires;
929 3649 958 3693 et
978 3659 1059 3706 quae
1077 3649 1203 3708 postea:
1233 3643 1376 3693 conclu-

256 3714 337 3764 dens
360 3713 393 3762 in
412 3713 699 3764 conuentaRomae
718 3713 900 3778 genetrice:
924 3713 956 3761 in
975 3713 1082 3762 Roma'
1103 3729 1125 3762 e.
1142 3728 1166 3775 q.
1183 3727 1204 3760 s.
1275 3715 1375 3778 prai-

256 3797 396 3849 propero
410 3782 516 3833 Merula.
537 3783 674 3848 proprio
698 3781 850 3848 Calpurnius
920 3783 1030 3832 acreio
1050 3797 1067 3831 a
1084 3789 1115 3832 tc
1132 3781 1238 3832 uireis
1258 3781 1371 3835 Merula.

255 3854 416 3902 acrissate
441 3853 532 3901 uiros
554 3851 706 3917 Calpurnius
775 3852 897 3901 reuixti
914 3851 1020 3901 Merula.
1043 3851 1159 3901 reuisti
1180 3850 1335 3916 Calpurnius

290 3923 326 3972 IV
343 3921 450 3986 Ibidtp.
467 3919 518 3972 288
538 3920 706 3986 ‘Calpurnius
719 3919 778 3969 Piso
793 3922 819 3970 in
839 3920 911 3970 libris
925 3921 958 3971 de
977 3921 1130 3971 continentia
1147 3928 1262 3970 uetemm
1278 3925 1371 3988 poeta-

256 4005 328 4040 rum:
359 3992 454 4041 morti
477 3991 673 4057 proximum,
701 3990 776 4053 quin
802 3997 976 4052 mortuum,
1005 3990 1092 4040 uiuis
1118 3990 1288 4040 coloribus
1311 3991 1371 4042 de-

255 4060 363 4126 pingit
381 4061 501 4110 Ennius
520 4060 607 4110 libro
627 4059 769 4111 secundo
788 4059 966 4121 annalium,
988 4060 1043 4109 ubi
1063 4061 1111 4110 sie
1130 4059 1258 4110 scribit:
1286 4059 1368 4125 [Ann.

254 4127 316 4179 462.
334 4127 397 4194 463]
423 4129 634 4193 Nequiquam’
656 4146 678 4180 c.
701 4145 725 4192 q.
746 4144 767 4178 s.
802 4128 840 4179 Ci.
862 4129 892 4178 A.
910 4129 1022 4180 Kochius
1043 4129 1060 4178 l.
1081 4129 1099 4178 l.
1119 4131 1181 4195 p.2
1250 4130 1274 4179 V
1299 4130 1367 4180 ibid.

255 4212 281 4263 p.
302 4195 354 4248 324
375 4198 491 4263 ‘glossae
510 4199 627 4250 Forneri:
651 4197 878 4263 παλαμναῖον
898 4198 1016 4261 dirum,
1037 4199 1267 4261 quoddeorum
1283 4198 1367 4249 iram

254 4265 351 4318 habet
371 4269 585 4319 coniunctam.
615 4269 736 4319 Ennius
756 4269 787 4317 in
808 4269 906 4319 tertio
998 4270 1107 4335 poscit
1129 4267 1235 4319 Merula.
1258 4269 1368 4334 possit
