3112 5040
274 463 371 510 cxxx
671 452 981 520 QVAESTIONES

274 618 369 695 posita
397 613 493 674 subito
521 614 764 692 adgrederentur,
799 619 846 695 qui
874 619 947 676 intra
970 617 1075 677 uallum
1098 625 1180 676 erant
1200 631 1316 690 omues,
1345 633 1380 673 ue

274 721 396 781 consule
420 721 536 797 quidem
559 731 703 798 excepto,
724 725 867 782 communi
889 733 1002 782 terrore
1028 722 1141 801 abrepti
1161 722 1196 780 ad
1218 739 1297 779 mare
1314 737 1380 779 coo-

273 826 399 902 iugiuut:
428 845 500 884 unia
526 835 659 886 remansit
677 832 717 887 M.
741 833 863 888 Liciniam
884 835 983 889 Strabo
1011 835 1136 888 tribanus
1155 834 1267 887 militum
1289 834 1383 885 tertiae
1533 873 1535 923 4

272 938 383 1007 trpionis
405 951 467 990 citro
495 937 581 991 tribas
607 940 692 1009 spois
720 939 754 992 ab
781 940 891 1010 tepiono
911 953 963 994 sua
985 941 1111 994 relictus:
1146 938 1220 993 bunc
1241 940 1270 992 io
1291 953 1381 992 nocua

272 1047 367 1095 rastra
386 1041 486 1112 impeta
507 1041 583 1112 sacto
598 1042 696 1114 Histri,
719 1061 780 1098 oum
798 1045 870 1100 alins
890 1051 1016 1098 armatus
1034 1047 1074 1098 eis
1093 1059 1171 1098 nemo
1188 1044 1295 1098 obuiam
1309 1045 1381 1106 isset,

273 1150 301 1200 in
314 1147 459 1215 praetorio
476 1147 652 1202 instruentem
674 1156 754 1222 atque
775 1149 966 1205 adhortantem
988 1165 1052 1205 snos
1066 1153 1279 1220 oppresserunt:
1295 1160 1381 1218 proe-

271 1251 337 1304 lium
355 1251 477 1304 atrocius
495 1269 578 1323 quam
595 1271 652 1324 pro
669 1258 811 1325 partcitute
832 1257 1012 1310 resistentiam
1030 1254 1086 1326 snit
1110 1268 1161 1308 nee
1188 1259 1252 1308 aab
1276 1254 1381 1323 finitum

272 1363 313 1412 est
326 1373 408 1427 quam
423 1355 547 1412 imbuens
561 1360 671 1414 miiitum
686 1365 785 1432 quique
798 1364 875 1415 circo
892 1376 952 1416 eam
968 1363 1146 1416 constiterant
1159 1358 1298 1430 interfecti
1308 1363 1379 1412 sant.

273 1459 311 1518 At
330 1458 434 1518 tribuni
457 1475 561 1518 nomen
583 1477 639 1518 uon
671 1462 821 1520 conuenit:
853 1480 938 1539 quem
960 1463 1056 1522 Liuius
1079 1459 1231 1536 Licinium,
1258 1458 1378 1533 Ennius,

272 1568 297 1624 si
313 1564 462 1624 Macrobic
487 1565 563 1641 (Sat.
588 1566 627 1625 Vl
650 1567 668 1626 3
692 1585 719 1644 p.
744 1567 805 1626 516
826 1568 904 1647 dan.)
925 1569 1015 1644 tides,
1041 1567 1153 1628 Gelium
1175 1565 1222 1626 uel
1246 1562 1378 1624 Coelium

272 1672 444 1749 adpellauit:
468 1689 521 1748 pro
544 1690 602 1749 qua
624 1671 734 1731 Merula
757 1672 791 1733 (l.
816 1673 931 1732 Aelium
950 1666 1097 1752 reposuit,
1122 1691 1185 1732 cum
1207 1670 1303 1730 liuius
1327 1672 1377 1730 iui-

273 1780 313 1838 tio
335 1777 406 1836 bclli
427 1775 491 1835 XLl
519 1777 546 1835 l.
578 1777 597 1835 4
629 1777 662 1834 Τ.
683 1787 711 1836 et
732 1777 764 1837 C.
789 1778 893 1838 Aelius
914 1778 1044 1838 tribunos
1069 1779 1206 1838 attulerit.
1252 1777 1315 1837 Nec
1338 1779 1377 1836 iu·

272 1882 425 1964 probabile
454 1880 520 1940 mibi
546 1881 661 1958 quidem
684 1883 798 1944 uidetur
828 1885 856 1943 iu
878 1882 953 1944 Gelii
975 1885 1089 1943 nomine
1113 1881 1146 1943 G.
1171 1884 1285 1944 Aelium
1308 1885 1376 1945 deli·

271 1999 404 2065 tessere,
431 1989 493 2047 siue
515 1987 679 2047 Macrobius
702 1988 760 2049 boc
781 2007 885 2048 namen
908 1990 989 2048 cuius
1009 2007 1046 2047 ex
1066 1988 1192 2049 Histrico
1216 1991 1296 2051 bello
1319 2008 1375 2050 me-

270 2099 400 2156 minisset
426 2112 479 2173 pro
502 2094 611 2153 Licinio
636 2095 749 2172 posuit,
776 2095 838 2153 siue
861 2092 970 2152 Ennius
1006 2111 1056 2152 eas
1086 2093 1261 2154 defendendi
1284 2106 1375 2155 castra

271 2211 370 2280 partes
396 2199 428 2259 C.
453 2200 554 2274 Aelio,
583 2217 640 2258 non
665 2200 773 2259 Licinio
796 2199 903 2259 tribuit.
950 2199 987 2258 At
1012 2201 1130 2274 grauius
1158 2209 1204 2258 est
1232 2201 1310 2277 quod
1332 2203 1376 2260 aui

271 2307 457 2385 ascripsimus
480 2323 583 2364 uersus
606 2306 857 2366 duodeuicesimus
880 2305 989 2366 annalis
1010 2305 1089 2364 nulla
1111 2305 1250 2366 librorum
1271 2325 1375 2366 memo·

270 2417 312 2474 ria
343 2413 477 2474 traditur:
511 2427 632 2490 quorum
659 2410 830 2470 Parisiensis
858 2409 886 2468 id
916 2410 993 2487 quod
1021 2412 1088 2470 olim
1117 2411 1291 2488 uolgabatur
1312 2413 1374 2488 XII,

270 2521 373 2580 relicui
388 2518 442 2578 XV
464 2517 615 2596 praebeat.
661 2518 706 2578 De
730 2517 915 2590 duodecimo,
941 2517 1074 2593 quoniam
1097 2516 1165 2576 Xlll
1189 2526 1219 2576 et
1238 2516 1307 2576 XIV
1328 2537 1374 2576 au·

270 2627 352 2685 ucles
373 2624 482 2683 bellum
504 2625 655 2698 Syriacum
680 2623 860 2701 occupabat,
884 2622 1006 2697 cogitari
1027 2622 1144 2700 nequit:
1167 2641 1263 2701 oeque
1285 2625 1374 2700 magis

271 2730 406 2789 conuenit
426 2727 490 2803 XV,
518 2746 575 2805 quc
598 2729 682 2788 uobis
701 2728 791 2788 lllarci
814 2726 906 2786 Fuluii
925 2745 974 2786 res
994 2736 1131 2787 tractatas
1146 2728 1238 2788 luisse
1256 2748 1374 2808 persua·

269 2838 368 2896 simus.
419 2831 549 2912 Cumque
579 2834 646 2894 XVI
678 2844 707 2894 ct
740 2832 821 2914 XVll
849 2832 939 2892 libros
976 2831 1129 2910 probabile
1162 2835 1199 2893 sit
1235 2835 1262 2892 iu
1295 2834 1374 2894 aunis

269 2940 436 3002 571-573
459 2949 593 3012 uersatos
616 2959 695 3017 esse,
719 2940 788 2998 uibil
811 2938 940 2998 relicuae
962 2937 1103 2998 annalium
1124 2940 1306 3018 dispositioni
1327 2939 1373 2999 ad·

269 3045 478 3107 commodatius
508 3053 552 3103 est
582 3063 666 3123 quam
692 3061 745 3124 pro
772 3043 826 3103 Xll
857 3044 935 3120 (siue
965 3043 1033 3122 XV)
1063 3045 1167 3122 reponi
1189 3046 1281 3106 XllX.
1328 3043 1372 3105 Oi.

268 3153 396 3212 littteras
419 3152 439 3210 l.
462 3151 483 3210 l.
507 3170 535 3229 p.
557 3149 628 3211 388.

353 3257 475 3316 Restant
496 3265 651 3335 praeterea
675 3256 731 3316 duc
756 3257 838 3316 buius
859 3257 924 3316 libri
947 3257 1068 3316 frustula
1090 3256 1103 3315 l
1122 3266 1151 3316 et
1168 3258 1225 3334 111,
1253 3275 1373 3337 quorum

268 3365 326 3424 boc
349 3365 488 3422 incertum
511 3373 572 3439 est,
602 3364 672 3423 illud
692 3365 727 3424 ad
751 3371 847 3422 castra
868 3362 1061 3422 Romanorum
1083 3364 1110 3421 io
1131 3362 1291 3424 llistrorum
1315 3365 1372 3422 imi-

268 3470 322 3529 bus
345 3471 440 3548 posita
461 3467 645 3527 referendum
667 3470 790 3529 uidetur.

718 3801 843 3863 GAPVT
869 3803 923 3864 Vll

353 3993 471 4055 'lantum
496 3993 532 4054 de
551 3991 634 4052 Ennii
665 3993 750 4070 poesi
773 3994 873 4070 epica:
902 4010 986 4070 quem
1013 4003 1131 4072 practer
1152 3994 1271 4053 annales
1296 3995 1372 4080 epici

267 4103 385 4178 generis
411 4101 479 4161 nibil
508 4099 634 4165 edidisse
664 4097 735 4156 inira
763 4099 902 4156 euiucam.
947 4098 986 4157 m
1006 4101 1033 4158 io
1054 4101 1171 4160 scenica
1194 4109 1257 4159 arte
1278 4100 1370 4160 multi·

267 4205 351 4284 plicis
372 4207 478 4283 ingenii
496 4213 584 4284 potita
601 4205 773 4277 elaborauit,
795 4203 902 4281 dispari
920 4205 1032 4281 quidem
1052 4207 1147 4264 studio
1163 4224 1197 4266 ac
1213 4224 1369 4265 successu:

267 4311 380 4389 quaudo
408 4312 577 4386 tragoediae
610 4320 640 4369 et
672 4310 778 4369 multae
812 4311 879 4369 olim
915 4311 1192 4372 circumferebantur
1225 4321 1254 4370 et
1283 4311 1371 4370 multa
