3070 5032
596 389 839 460 annrovrnn
1210 388 1271 452 183

158 583 290 652 perae,
311 561 399 652 quod
420 583 601 632 maerorem
621 560 762 630 nutriat!
791 551 882 630 Haec
900 563 1033 632 luerunt
1046 563 1101 654 qui
1116 563 1157 632 ad
1176 563 1271 632 eius-

158 665 236 733 dem
265 663 406 733 nominis
438 665 688 757 grammaticum
721 665 955 754 posteriorem,
999 667 1093 735 cuius
1125 666 1271 735 notitiam

158 784 248 836 unus
270 766 449 837 Suetonius
476 768 517 837 de
545 790 683 860 gramm.
705 789 732 836 c.
757 777 771 836 1
795 767 942 854 tradidit,
970 771 1095 839 referre
1114 791 1181 838 non
1205 769 1272 837 du-

159 871 300 940 bitarent

669 971 758 1043 LVII

264 1087 378 1158 Cicero
396 1090 493 1159 Tusc.
514 1089 597 1180 disp.
617 1090 666 1160 IV
689 1099 740 1176 23,
761 1100 801 1160 52
830 1094 888 1159 ‘au
908 1091 959 1158 est
981 1088 1154 1182 quicquam
1176 1087 1271 1158 simi-

157 1192 224 1260 lius
249 1191 396 1262 insaniae
416 1216 514 1285 quam
536 1194 599 1278 ira,
634 1216 730 1286 quam
756 1195 839 1263 bene
862 1192 988 1262 Ennius
1009 1191 1171 1262 initium
1189 1191 1270 1261 dixit

155 1295 320 1364 insania
326 1294 384 1364 e?'
549 1313 550 1316 ’

662 1397 767 1467 LVIII

263 1511 377 1581 Cicero
399 1511 439 1580 de
458 1511 522 1580 diu.
543 1512 639 1598 1154,
666 1523 722 1583 111
754 1520 837 1583 ‘non
862 1535 937 1585 esse
957 1517 1066 1584 autem
1089 1512 1169 1581 illud
1193 1533 1270 1580 car-

157 1638 233 1684 men
255 1615 394 1683 furentis
421 1637 495 1683 cum
524 1615 632 1705 ipsum
657 1620 777 1708 poe'ma
802 1618 946 1689 declarat
969 1618 1034 1707 (est
1054 1616 1141 1686 enim
1162 1615 1269 1706 magis

157 1718 239 1786 artis
267 1720 299 1786 et
326 1717 514 1810 diligentiae
541 1741 639 1811 quam
662 1721 858 1789 incitationis
885 1725 917 1790 et
938 1721 1060 1810 motus)
1090 1721 1159 1787 tum
1189 1740 1268 1786 uero

158 1843 213 1906 ea,
243 1843 327 1913 quae
350 1811 547 1912 ἄκροστιχίς
561 1822 693 1908 dicitur,
722 1845 796 1892 cum
814 1823 969 1915 deinceps
992 1804 1166 1913 exprimis
1187 1843 1268 1891 uer-

158 1946 255 1993 suum
277 1924 393 1992 litteris
416 1923 539 2017 aliquid
558 1927 753 2012 conectitur,
778 1930 815 1996 ut
832 1927 865 1995 in
883 1927 1078 2020 quibusdam
1092 1924 1267 1994 Ennianis:

159 2027 197 2110 Q.
221 2024 380 2096 ENNIVS
404 2026 548 2097 uuclrss
590 2028 651 2118 (sie
674 2031 832 2102 Auratus.
860 2053 963 2123 quae
986 2027 1145 2103 Ennius
1168 2027 1268 2097 lecit

157 2130 307 2223 plerique
329 2130 421 2215 edd,
446 2151 509 2200 om.
530 2131 598 2222 alii)

260 2333 516 2406 Fortunatianus
535 2335 576 2405 de
594 2334 668 2405 dial.
693 2337 841 2425 (auctore
856 2331 1017 2404 Columna
1030 2355 1061 2423 p.
1075 2337 1149 2426 332)
1175 2338 1268 2403 ‘sunt

157 2437 212 2530 qui
234 2439 373 2508 uerbum
393 2461 414 2508 a
433 2461 516 2508 uero
539 2439 672 2532 quidem
691 2441 807 2529 putant
825 2437 963 2524 dietum3
992 2436 1052 2505 sed
1069 2437 1174 2526 prima
1192 2437 1268 2527 syl-

156 2540 232 2608 laba
259 2542 340 2610 satis
370 2541 601 2611 animaduersa
629 2541 809 2610 secundam
840 2537 976 2632 neglegi
1007 2560 1075 2607 non
1103 2543 1266 2630 oportere.

157 2640 304 2712 Verbum
329 2644 511 2714 enimcum
539 2644 691 2729 dicimus,
720 2644 887 2736 inquiunt,
915 2643 1021 2733 prima
1043 2642 1115 2711 eius
1137 2642 1268 2732 syllaba

156 2766 272 2814 uerum
297 2747 480 2839 significat;
508 2749 653 2818 secunda
673 2769 801 2816 sonum.
850 2747 924 2815 Hoc
947 2745 1033 2816 enlm
1055 2745 1172 2814 uolunt
1191 2765 1268 2814 esse

157 2848 244 2917 bum.
300 2849 398 2924 Vnde
431 2851 558 2922 Ennius
594 2873 714 2924 sonum
742 2851 864 2946 pedum
902 2849 1084 2918 bombum
1123 2848 1268 2944 pedum

157 2950 260 3022 dixit’

678 3056 738 3126 LX

182 3139 184 3144 ⁷
259 3171 348 3242 Idem
376 3170 537 3244 Columna
559 3196 591 3264 p.
614 3183 676 3246 329
704 3198 746 3246 ex
775 3171 891 3264 ‘antiq.
911 3169 1029 3263 gloss’
1055 3168 1151 3240 affert
1177 3171 1266 3240 tam-

158 3297 254 3368 quam
273 3275 437 3345 Enniana:
465 3276 601 3348 locum
623 3281 656 3349 et
679 3275 849 3370 regredi
869 3273 1081 3367 gressum.¹
