2984 5048
586 449 827 519 RELIQVIAE

251 619 317 688 Pro
335 619 467 690 incertis
486 622 595 690 certos
616 617 854 712 compotesque
876 618 993 689 cdnsili

213 758 223 780 κ
253 721 405 809 Dimitte,
432 727 470 793 ut
490 745 532 793 ne
551 745 605 793 res
627 721 751 860 te‘merp
771 726 910 792 tractent
927 721 1087 792 trirbidas.

162 932 225 994 190
252 925 480 1020 Areopagitae
503 926 634 1019 quidem
652 822 773 995 dddere
791 926 821 996 ei
843 927 984 1020 aequam
1005 947 1153 1020 pugnarn
1179 977 1187 994 .
1214 977 1223 994 .
1251 976 1260 993 .

251 1128 333 1199 Dicd
356 1129 478 1200 uicisse
498 1127 657 1200 Ore'sten:
676 1029 749 1202 didls
770 1131 941 1202 facessite!

638 1248 715 1318 Vffl
727 1247 767 1285 Η

248 1331 387 1417 ¹anlrim
409 1349 587 1433 nitescere,
616 1351 753 1421 arbores
777 1348 1000 1432 frondescere,

250 1445 347 1518 Vites
368 1450 528 1521 laetificae
544 1453 708 1545 pdmpinis
729 1453 923 1545 pubescere,

249 1551 346 1622 Remi
362 1553 515 1624 bacarum
534 1554 684 1625 ubertate
703 1557 936 1638 incuruiscere

162 1661 223 1722 195
252 1653 395 1746 Segetes
415 1655 529 1750 largiri
550 1657 685 1752 irriges,
713 1661 833 1729 llorere
856 1658 974 1740 omnia,

249 1757 373 1829 Fontes
391 1762 536 1846 scatere,
563 1759 674 1832 herbis
694 1762 790 1853 prdie
807 1759 1033 1831 connestirier.

496 1929 723 2070 Hectoreis
736 1931 916 2002 LVSTRA

250 2132 333 2218 Quis
353 2132 396 2202 ibi
420 2137 560 2235 nonest
582 2034 778 2208 udinelratus
803 2137 892 2208 se'rro
914 2132 1066 2227 Brugio?
1093 2185 1101 2202 .
1129 2185 1137 2202 .
1166 2185 1174 2201 .

147 2333 212 2384 conl.
228 2333 322 2384 Aesch.
337 2335 411 2385 Eum.
427 2335 480 2388 614
549 2338 585 2388 Vl
604 2339 685 2388 Varro
699 2339 732 2390 de
744 2338 773 2388 L.
784 2337 813 2386 L.
825 2338 874 2386 Vll
885 2334 917 2386 19
928 2335 962 2384 Μ.
982 2334 1078 2383 ‘Enni
1144 2335 1260 2400 Areopa-

146 2405 214 2469 gitae
231 2404 262 2453 ab
278 2405 429 2470 Areopago:
449 2407 472 2455 is
492 2405 563 2456 locus
577 2407 703 2458 Athenis?
731 2407 854 2474 (hermi
872 2405 929 2454 Par.
945 2404 962 2453 b
985 2403 1081 2452 Ennii
1095 2405 1172 2453 ceteri
1186 2402 1259 2468 libri)

145 2473 329 2523 Eumenidibus
344 2475 464 2540 ascripsit
475 2473 592 2541 Scaliger
662 2477 710 2527 VII
724 2475 821 2526 Nonius
831 2472 925 2540 pabo,
934 2471 968 2523 28
982 2470 1165 2522 ‘lacessere
1178 2474 1260 2539 signi-

145 2537 202 2592 ticat
213 2544 341 2593 recedere.
365 2543 463 2592 Ennius
477 2543 661 2594 Eumenidibus
676 2546 727 2594 ...'
797 2544 858 2592 Vlll
878 2541 967 2592 Cicero
979 2541 1055 2591 Tusc.
1070 2542 1138 2606 disp.
1153 2540 1216 2600 128,
1224 2541 1260 2593 OO

146 2613 205 2662 ‘hic
219 2619 312 2671 autern,
328 2612 372 2661 ubi
388 2612 547 2672 habitamus,
565 2628 618 2663 non
637 2614 779 2663 intermittit
797 2627 843 2664 suo
858 2619 972 2676 ternpore
992 2609 1127 2660 coelum·
1148 2627 1170 2660 e.
1191 2627 1215 2674 q.
1236 2627 1258 2661 a.

146 2682 215 2731 lder'n
235 2683 267 2730 de
280 2687 344 2730 orat.
358 2682 394 2730 lll
408 2680 451 2741 38,
469 2681 520 2732 154
537 2685 678 2732 ‘nouantur
689 2691 774 2732 cutem
786 2682 880 2739 uerba,
900 2694 965 2744 qnae
980 2678 1012 2730 ab
1025 2693 1056 2728 eo
1070 2680 1113 2742 qui
1127 2680 1189 2729 dicit
1202 2682 1259 2746 ipso

145 2752 283 2816 gignuntur
302 2763 332 2798 ac
350 2749 412 2798 flunt
431 2750 473 2799 uel
494 2751 678 2818 coniungendis
696 2752 836 2802 uerbis
856 2749 899 2800 nel
917 2763 995 2814 saepe
1013 2749 1069 2798 sine
1083 2749 1260 2800 coniunctione

145 2821 222 2868 uerba
238 2827 377 2878 nouantur,
396 2827 436 2868 nt:
454 2819 498 2870 ille
511 2821 606 2880 senius,
625 2829 665 2870 ut:
686 2822 713 2871 di
725 2821 864 2887 genitales,
878 2827 919 2868 ut:
943 2819 1094 2868 bacarum
1108 2818 1259 2869 ubertate

146 2889 397 2937 ineuruescera.'
427 2887 524 2938 Nonius
546 2904 572 2954 p.
594 2889 702 2950 122,17
730 2890 975 2940 ‘incuruisoere
996 2887 1084 2938 Cicero
1105 2887 1137 2936 do
1161 2896 1260 2939 oratore

147 2957 255 3006 liblll:
280 2965 313 3004 ut
331 2956 482 3006 bacarum
500 2957 680 3009 ubertatem
701 2960 940 3010 incuruiscere.
970 2957 1260 3008 ltaetin'l'uscnlanis
1326 2955 1330 2962 '

146 3025 189 3143 gb.
206 3026 326 3145 1389149110
340 3026 442 3077 fabulae
454 3028 509 3076 iure
524 3029 602 3079 inseri
616 3029 652 3079 ait
666 3028 696 3079 0.
709 3029 880 3089 Ribbeclius,
895 3027 929 3078 ol.
944 3026 1103 3076 Hermannus
1118 3027 1151 3076 ad
1164 3027 1258 3078 Acsolr.

166 3109 216 3144 nm.

178 3165 317 3214 llscroars
334 3162 452 3214 Lvsrrta
488 3165 498 3213 1
517 3165 605 3218 Cicero
623 3181 670 3232 pro
689 3167 765 3217 Rosc.
784 3168 843 3218 Am.
859 3165 903 3225 32,
918 3163 954 3216 90
972 3163 1083 3214 ‘multos
1101 3179 1190 3214 caesos
1208 3179 1259 3214 non

164 3356 171 3366 ¹
186 3340 236 3395 188
253 3353 304 3408 pro
318 3334 350 3391 0.
363 3337 536 3395 Ribbeclrr‘us.
551 3357 587 3394 ex
599 3338 663 3395 libri
746 3343 799 3398 190
815 3337 1007 3410 Areopagitae
1024 3337 1138 3409 quidem
1153 3337 1259 3394 dedere

146 3422 170 3475 ei
186 3437 305 3490 aequam
320 3436 445 3493 pugnarn
461 3423 666 3480 Flecker'serms.
686 3424 876 3495 Areopagitae
895 3422 964 3494 quid
980 3422 1073 3493 (quod
1084 3423 1194 3490 Hono.)
1212 3421 1260 3478 de-

147 3505 209 3559 dere
226 3503 343 3571 (debere
354 3505 465 3573 Pano)
481 3524 564 3578 quarn
575 3508 680 3578 pudarn
691 3507 774 3576 (boec
786 3508 839 3564 duo
850 3507 984 3564 uocabula
995 3523 1048 3563 om.
1060 3506 1138 3567 Ootlt.
1146 3508 1258 3576 Hono.)

147 3587 214 3643 libri.
225 3587 261 3642 Α.
270 3587 383 3658 quidem
395 3588 500 3644 dedere
512 3607 631 3662 aequam
642 3606 768 3662 pugnam
777 3590 967 3647 onorem
1052 3595 1102 3650 191
1115 3591 1258 3649 Orestem:

147 3687 195 3726 uos
207 3671 338 3726 facessite
349 3672 473 3740 Botbius,
489 3679 606 3743 pelorum
620 3675 751 3730 facessite
760 3675 885 3745 proer'uit
895 3674 1005 3730 Jrrm'us.
1022 3674 1141 3730 Oresten
1156 3693 1209 3732 uos
1224 3679 1259 3733 sb

147 3755 197 3810 hoc
212 3755 327 3810 lacessit
341 3755 405 3810 birri
485 3748 556 3829 'Ego
575 3757 639 3814 dico
653 3755 758 3813 uicisse
771 3757 904 3813 Oresten:
929 3757 980 3812 uos
1002 3757 1106 3813 abhoc
1126 3760 1259 3816 facessite

144 3841 270 3911 proponit
285 3838 316 3895 0.
333 3839 498 3897 annectere
583 3846 635 3902 193
649 3841 788 3898 laetificae
797 3841 930 3913 probauit
941 3841 1091 3897 Beothius.
1107 3843 1259 3900 laetificare

148 3923 213 3996 Reg.
227 3925 377 3980 laetiscere
392 3923 484 3980 Polot.
498 3941 516 3980 α
603 3930 656 3985 194
670 3943 805 3982 bacarum
818 3925 932 3982 Aorew.
949 3941 1101 3982 uaccarum
1115 3927 1177 3984 Erl.
1195 3929 1211 3982 b
1225 3929 1261 3983 de

147 4025 185 4067 or.
198 4011 349 4064 baccarum
362 4009 462 4064 Bamb.
479 4009 563 4065 Nonii
645 4011 837 4069 incuruiscere
853 4010 974 4077 Nm,
989 4024 1063 4066 murs
1075 4007 1165 4067 Ooeorr.
1179 4011 1259 4070 Taso.

148 4093 340 4149 ineuruescere
361 4093 424 4148 cdd.
446 4095 512 4165 olr'q.
526 4093 590 4150 ebrii.
613 4095 824 4151 ineuruesceret
839 4094 902 4150 Eri.
918 4111 938 4149 a
950 4095 1042 4166 rrrppl.
1059 4093 1094 4149 de
1106 4111 1149 4150 or.
1171 4098 1258 4152 intur-

148 4193 259 4248 gescere
276 4177 345 4234 (lud.
356 4177 379 4242 b,
399 4178 464 4249 clip.
475 4177 591 4250 Layom.
610 4180 806 4235 incurbescere
820 4178 934 4234 Abrrirc.
948 4178 983 4233 de
996 4193 1039 4233 or.
1060 4178 1258 4236 ineuruescere

149 4260 202 4315 liri.
220 4261 237 4314 b
251 4261 285 4316 de
300 4277 342 4316 or.
359 4261 427 4333 seq.
447 4261 528 4317 licre.
543 4279 606 4319 cum
616 4264 760 4334 plerasque
773 4264 872 4318 ceteris
958 4264 1010 4320 196
1022 4270 1103 4332 prata
1117 4268 1258 4322 conuecti·

149 4345 197 4398 rier
211 4344 311 4400 Herbis
327 4345 451 4402 Noelciur
469 4348 498 4401 in
526 4347 620 4403 Voler.
635 4345 692 4404 car.
711 4364 745 4417 p.
758 4353 794 4405 ss
882 4348 931 4404 197
954 4345 990 4400 ibi
1013 4361 1068 4400 oon
1089 4354 1133 4402 est
1152 4347 1258 4405 dicero.

183 4443 297 4500 Ennrvs.
1031 4437 1052 4500 8
