2984 5032
496 451 730 510 ΕΝΝΙΑΝΑΙΙ
1103 457 1165 506 XLI

79 620 144 698 quasi
161 619 287 679 diluculo
312 635 329 677 e
351 617 522 694 fragmentis
544 616 709 695 dispicere,
735 615 816 674 uelut
840 615 994 676 aduentum
1016 614 1079 672 eius
1107 611 1166 671 Ro·

79 745 133 786 ram
155 735 182 785 ct
201 742 285 785 omen
317 725 345 783 in
375 724 478 782 itinere
510 721 625 783 obuiam
654 722 761 781 lactum
790 721 828 799 (Ι.
858 721 918 801 ΙΙ),
949 738 1068 798 regnum
1099 725 1166 797 post

79 833 136 892 inci
157 831 261 892 obitum
284 849 300 890 a
324 829 434 908 populo
458 830 486 888 in
508 827 589 887 illurn
609 827 736 887 delatum
760 827 826 905 (ΙΙΙ.
846 827 918 906 IV):
939 826 1064 904 denique
1090 842 1166 884 mor·

79 942 103 999 ui
123 940 197 1017 regis
216 939 319 998 lunera
340 933 433 1014 (Vlll.
457 932 524 1011 IX).
571 931 674 1010 Atque,
691 949 777 1020 omen
797 933 911 1011 quidem
935 933 1031 993 liuius
1053 932 1177 991 uidetur.

79 1064 119 1105 ton
138 1047 197 1105 sine
215 1043 299 1104 Ennii
321 1041 443 1121 quadam
461 1021 619 1098 imitatione
642 1056 760 1098 narrare
781 1037 793 1097 Ι
811 1039 850 1100 34
873 1044 912 1098 ad
927 1043 1083 1098 Ianiculum
1092 1039 1168 1114 forte

79 1161 168 1213 :antam
190 1160 265 1212 unt.-
283 1155 321 1210 ibi
340 1155 366 1208 ei
385 1155 520 1223 carpento
541 1151 647 1206 sedenti
661 1165 724 1205 cum
745 1164 837 1204 uxore
857 1150 950 1220 aqutta
967 1149 1109 1219 suspensis
1120 1147 1166 1202 dc·

79 1265 144 1318 rasso
169 1263 263 1318 leuiter
283 1262 335 1316 atis
351 1261 467 1336 pilleum
490 1256 600 1329 aufert,
625 1270 765 1328 superque
787 1260 950 1326 carpentum
979 1271 1041 1311 nam
1068 1269 1168 1326 maqno

79 1371 188 1442 lanqore
208 1370 326 1425 uolitans
343 1381 444 1423 rursm
464 1366 539 1421 uelut
557 1364 705 1419 monterio
726 1361 857 1418 diuinitus
883 1363 966 1418 masa
995 1363 1081 1433 capiti
1105 1366 1169 1432 apte

79 1477 180 1548 epouit:
200 1475 264 1530 inde
284 1475 405 1530 edumas
426 1471 491 1526 obit.
534 1462 566 1524 ln
588 1463 690 1541 quibus
713 1463 787 1522 adeo
814 1481 917 1523 uersus
939 1462 1079 1541 quosdam
1101 1460 1168 1522 Cle·

78 1580 137 1637 icus
162 1576 196 1636 ad
218 1575 289 1638 biuii
319 1574 339 1634 l.
362 1575 382 1633 l.
407 1573 546 1632 odoratus
573 1578 633 1645 est,
667 1569 710 1629 sic
738 1569 801 1628 lere
832 1568 1057 1648 reciperandae:
1092 1571 1169 1630 Iouis

80 1687 118 1740 les
133 1685 211 1741 Ocelo
231 1687 373 1758 saapenurs
392 1684 509 1740 demessa
526 1685 567 1736 est
589 1681 684 1735 unitor
705 1681 772 1736 olas:
792 1679 893 1752 Aufert
913 1681 959 1736 ille
978 1683 1086 1752 apicem
1097 1682 1167 1736 uoli-

78 1807 130 1860 ηις,
152 1797 268 1864 apteque
289 1791 406 1864 reponit.
428 1786 500 1843 Iade
520 1787 641 1842 sublimis
658 1786 721 1840 obit.
745 1780 790 1841 Ad
813 1782 870 1842 hoc
893 1792 988 1844 antem
1006 1783 1169 1862 prodigium

78 1913 94 1951 r.
118 1893 209 1954 lotim
232 1899 266 1954 dc
287 1898 363 1952 caeto
386 1897 495 1950 menum
523 1894 598 1948 dedit
627 1894 745 1965 inclytus
772 1897 879 1966 mum
908 1890 1035 1950 refertur
1063 1890 1169 1968 proba·

80 2000 162 2076 ilius,
186 2002 308 2079 opinor,
330 2014 414 2076 quam
435 2013 500 2056 cum
523 1995 685 2056 editoribus
713 1997 749 2056 ad
771 1997 866 2056 Seruii
889 1993 975 2056 Tullii
1005 1996 1083 2055 nisa:
1114 2014 1170 2056 nec

80 2106 155 2166 bstat
183 2112 246 2166 otim
275 2103 433 2184 particula,
463 2121 548 2181 quam
576 2105 605 2162 in
639 2104 695 2161 uim
725 2121 760 2162 ac
788 2105 936 2162 notionem
963 2112 1018 2160 tum
1043 2100 1169 2161 uoculae

79 2222 232 2292 surparuot
262 2211 379 2272 Plautus
407 2209 467 2269 blil.
489 2208 567 2287 glor.
593 2207 611 2267 2
641 2207 679 2268 al.
708 2217 737 2267 et
758 2211 893 2270 Horatius
919 2211 980 2269 Sat.
1002 2208 1028 2268 ll
1050 2209 1087 2284 3,
1117 2209 1168 2269 60.

78 2318 121 2377 leo
147 2327 242 2380 tamen
269 2316 398 2394 llbergio
424 2317 589 2390 adsentior,
629 2316 677 2393 qui
704 2314 797 2374 Plauti
822 2314 931 2374 Persae
960 2335 988 2376 u.
1015 2315 1072 2375 251
1105 2319 1170 2376 Ioui

77 2430 185 2499 paleato
207 2429 309 2484 incluto
332 2423 459 2482 conlisus
482 2421 518 2480 ab
540 2420 634 2480 Ennio
658 2438 775 2498 quoque
798 2422 855 2481 boc
877 2420 945 2479 loco
974 2427 1104 2498 inclytam
1122 2425 1165 2481 Io·

77 2549 118 2589 em
152 2529 208 2588 dici
241 2529 422 2608 opinabatur.
474 2526 539 2605 Ego
569 2545 634 2586 cum
661 2525 736 2585 baec
764 2525 892 2584 Petronii
916 2525 1033 2586 Halosis
1062 2526 1169 2586 Troiae

78 2679 84 2692 .
109 2635 168 2695 176
189 2639 260 2694 leaeo
288 2639 335 2694 ubi
357 2639 518 2709 personuit,
548 2638 582 2692 de
610 2637 687 2692 caelo
707 2635 859 2707 Delphicus
886 2636 945 2690 ales
972 2637 1069 2692 Omma
1099 2638 1171 2692 lodo
1209 2702 1213 2710 1

77 2745 131 2799 edit
147 2745 309 2817 pepulitque
336 2743 468 2798 meoticas
489 2760 578 2800 curas
599 2738 737 2812 confero,
773 2755 890 2796 uersum
919 2738 999 2798 illurn
1027 2738 1103 2797 malo
1133 2738 1170 2798 de

77 2863 124 2904 rso
150 2846 220 2906 alite
251 2845 360 2906 efferri.
406 2845 451 2905 De
474 2851 542 2906 bono
561 2849 638 2904 Anco
667 2844 719 2922 (lr.
742 2842 798 2922 ΠΙ)
830 2843 868 2903 cl.
891 2841 1068 2903 Niebubrius
1096 2843 1169 2903 llist.

77 2957 143 3011 tom.
169 2953 182 3012 Ι
211 2950 273 3012 392
302 2969 347 3029 sq.
399 2952 572 3030 Tarquinius
595 2950 711 3009 occisus
734 2948 847 3009 leuatur
871 2949 907 3010 ab
937 2967 1029 3010 uxore
1058 2950 1169 3029 (vlu),

77 3075 142 3116 uam
165 3062 265 3117 bonam
284 3063 419 3136 seminam
439 3059 508 3119 dicit
531 3064 630 3136 potita,
654 3065 685 3114 ut
701 3046 807 3114 Cicero
820 3055 892 3116 Phil.
906 3055 946 3117 ΙΙΙ
962 3057 980 3117 6
996 3067 1044 3117 tuo
1066 3065 1170 3118 cannaco

77 3185 129 3224 ona
148 3166 268 3239 semina.
302 3162 347 3224 Gi.
370 3163 496 3224 Beckeri
520 3162 593 3226 Gall.
619 3161 725 3222 1276.
761 3159 857 3220 Funus
881 3161 1028 3241 Tarquinii
1051 3163 1171 3223 edentur

77 3270 89 3328 d
115 3270 200 3330 laces
224 3280 252 3330 et
276 3269 431 3344 candelas,
461 3268 604 3347 siquidem
632 3265 689 3326 boc
718 3267 862 3342 significat
889 3285 993 3328 uersos
1016 3273 1172 3344 prodinunt

77 3383 164 3451 amuli,
186 3387 244 3438 tum
265 3381 383 3436 eandm
405 3381 508 3436 lumina
526 3380 617 3435 taceat
641 3371 724 3452 (lx),
748 3375 775 3434 in
799 3393 856 3453 quo
877 3381 969 3436 lucent
986 3377 1081 3435 actius
1101 3392 1169 3434 esse

77 3483 277 3562 acipiendum,
310 3482 420 3541 monuit
450 3480 589 3541 Columna
619 3478 696 3539 conl.
725 3480 818 3540 Plauti
843 3480 909 3542 Cas.
935 3481 1010 3542 130
1040 3490 1069 3540 et
1099 3477 1170 3540 Our-

77 3589 145 3648 ul.l
170 3589 199 3664 l,
220 3587 250 3657 9,.
295 3586 341 3647 De
364 3605 401 3648 eo
425 3588 556 3647 iuuenum
577 3603 689 3663 genere
708 3587 775 3647 uide
797 3596 929 3648 ueterum
956 3589 1119 3649 testimonia
1143 3590 1171 3646 in

81 3739 88 3752 .
112 3694 214 3754 dabnii
237 3695 273 3754 ad
295 3693 387 3754 Persii
409 3695 470 3754 Sat.
494 3693 534 3755 ΙΙΙ
557 3692 615 3752 103
636 3695 851 3752 commentario.
895 3694 940 3753 Ile
963 3694 1070 3769 tribus,
1096 3710 1171 3770 quae
1252 3687 1257 3702 ¹

77 3811 215 3862 caeterea
235 3802 272 3861 ad
295 3799 480 3878 Tarquinium
500 3799 624 3876 ascripsi
647 3796 827 3874 fragmentis,
848 3801 912 3878 ipse
932 3800 1017 3860 uideo
1030 3818 1090 3859 rem
1103 3816 1171 3857 esse

77 3909 125 3967 rtis
148 3906 331 3984 ambiguam:
355 3926 431 3986 quae
453 3904 571 3980 licebat,
593 3913 623 3963 ut
645 3904 757 3964 incerta
780 3907 842 3966 eius
865 3905 946 3980 libri,
970 3921 1131 3981 segregare
1156 3921 1171 3961 a

77 4015 197 4074 alicnis:
222 4032 298 4073 nnnc
318 4013 474 4093 Tarquinio
497 4009 630 4086 ascribo,
660 4029 724 4069 curn
745 4028 803 4070 non
828 4009 1010 4071 incommode
1034 4008 1069 4068 ad
1102 4006 1171 4067 Tar·

77 4121 186 4180 oinium
207 4119 374 4181 referantur
397 4129 427 4180 et
448 4119 627 4178 commodius
639 4117 727 4195 paulo
741 4135 825 4194 quarn
841 4117 876 4176 ad
890 4117 1022 4176 Seruium
1036 4113 1170 4190 Tullium,

77 4247 86 4286 e
111 4245 174 4306 quo
200 4226 258 4287 alia
285 4245 370 4306 quam
398 4243 447 4285 res
473 4223 596 4283 bellicas
619 4231 723 4302 poeta,
748 4225 776 4282 ni
796 4222 901 4298 fallor,
932 4221 1078 4300 exposuit.
1125 4217 1170 4279 Gi.

77 4333 235 4394 iebubrius
260 4333 332 4394 Hist.
355 4331 439 4392 Rom.
464 4331 569 4392 1406.
616 4329 653 4391 Et
673 4331 708 4389 ir.
729 4327 756 4385 V
775 4327 890 4407 quidem
911 4329 1011 4388 nescio
1036 4345 1071 4388 an
1101 4326 1171 4385 nici-
