3112 5040
608 443 848 534 nu'mqunn

634 684 636 688 ,
704 629 746 699 lll

278 751 415 821 Pellitur
433 772 453 820 e
472 751 579 820 medio
602 749 778 840 sapientia,
807 751 839 818 ui
862 749 990 840 geritur
1010 771 1076 835 res,

279 855 452 946 Spernitur
470 857 582 924 orator
601 853 724 952 bonus,
753 853 907 923 horridus
931 853 1024 924 miles
1044 859 1181 924 amatur.

278 959 366 1028 Haut
384 957 489 1028 doctis
509 957 603 1026 dictis
624 960 788 1026 certantes
807 958 868 1027 sed
887 957 1068 1028 maledictis

189 1071 251 1132 275
278 1062 415 1131 Miscent
432 1062 517 1130 inter
534 1082 609 1130 sese
632 1059 828 1130 inimicitiam
850 1060 1024 1153 agitantes

277 1166 350 1233 Non
370 1187 413 1234 ex
434 1164 504 1234 iure
522 1185 654 1234 manum
673 1167 861 1234 consertum
882 1164 942 1234 sed
965 1162 1070 1255 magi'
1093 1164 1182 1232 terro

279 1267 361 1338 Rem
381 1270 533 1359 repetunt
552 1289 759 1360 regnumque
780 1269 913 1358 petunt,
943 1267 1069 1337 uadunt
1092 1265 1199 1336 solida
1211 1265 1259 1334 ui.

690 1383 738 1453 lV
753 1382 769 1421 *

276 1501 378 1604 Poeni
401 1523 483 1571 suos
504 1499 592 1571 soliti
611 1501 661 1570 dis
682 1501 870 1573 sacrificare
890 1499 1031 1593 puellos.
1125 1525 1128 1534 ·

176 1718 226 1752 nou
247 1702 362 1752 inuenies
374 1703 465 1754 eadem
484 1703 599 1753 membra
614 1718 679 1766 quae
694 1711 752 1753 sunt
765 1705 791 1752 in
804 1703 926 1754 Ennianis
940 1702 1057 1754 uersibus
1073 1699 1116 1764 qui
1130 1713 1223 1764 magno
1237 1699 1287 1748 sci-

178 1773 236 1822 lieet
249 1773 341 1837 spiritu
354 1779 379 1821 et
391 1773 478 1822 uerbis
491 1773 626 1823 altioribus
643 1775 779 1838 compositi
799 1783 873 1836 sunt,
898 1772 969 1822 uelut
985 1772 1013 1821 hi
1032 1777 1103 1822 sunt:
1135 1769 1286 1842 postquam’

176 1859 198 1892 e.
219 1858 244 1904 q.
266 1858 287 1890 s.
322 1843 389 1891 Acro
411 1843 474 1892 ibid.
502 1846 655 1908 ‘postquam
734 1844 853 1910 refregit:
877 1843 941 1893 haec
954 1842 1029 1892 Ennii
1047 1840 1126 1890 uerba
1140 1839 1216 1888 sunt!

176 1914 212 1961 ΙΙΙ
231 1911 329 1961 Gellius
341 1912 391 1961 XX
408 1912 441 1962 10
460 1915 515 1961 ‘ex
534 1914 606 1962 iure
626 1928 750 1962 manum
769 1920 1005 1963 consertum-
1028 1927 1061 1960 ex
1074 1909 1155 1960 Ennio
1174 1922 1235 1974 ergo
1249 1908 1287 1956 in-

177 1997 252 2044 quam
272 1990 310 2030 est
329 1983 450 2047 magister
471 1983 539 2044 quod
558 1997 666 2045 quaero;
693 1983 790 2033 Ennius
811 1984 878 2034 enim
897 1983 984 2032 uerbis
1002 1981 1074 2032 hisce
1092 1993 1153 2028 usus
1172 1987 1210 2027 est

176 2059 228 2100 tum
251 2065 298 2115 ego
321 2051 368 2100 hos
389 2066 479 2101 uersus
497 2067 528 2101 ex
552 2060 640 2101 octauo
656 2053 741 2101 annali
763 2055 880 2104 absentes
904 2052 975 2101 dixi:
1005 2066 1063 2100 nam
1082 2049 1147 2099 torte
1164 2062 1208 2098 eos
1222 2054 1287 2096 tam-

177 2135 253 2183 quam
273 2121 408 2185 insigniter
428 2127 529 2186 praeter
548 2122 612 2170 alios
634 2121 714 2170 laotos
731 2123 909 2172 memineram:
934 2121 1051 2187 pellitur’
1071 2135 1093 2168 e.
1113 2134 1137 2180 q.
1157 2133 1178 2167 s.
1213 2121 1287 2166 ‘cum

177 2191 224 2239 hos
243 2205 333 2238 uersus
347 2191 476 2240 Ennianos
489 2191 629 2240 dixissem'
655 2207 677 2241 e.
693 2207 717 2254 q.
733 2207 754 2240 s.
783 2192 930 2241 Lactantius
949 2191 1009 2240 Diu.
1025 2191 1085 2238 [nst.
1101 2189 1125 2236 V
1145 2203 1167 2237 c.
1183 2186 1196 2237 l
1219 2187 1287 2235 ‘dis-

176 2259 320 2325 ceptatione
340 2259 441 2308 sublata
459 2259 600 2325 pellitur
674 2277 742 2321 res,
761 2271 788 2311 ut
807 2263 842 2312 ait
855 2261 970 2311 Ennius*
1003 2260 1091 2310 Cicero
1105 2257 1139 2307 ad
1160 2257 1220 2306 lam.
1238 2257 1286 2305 Vll

178 2329 219 2389 13,
235 2331 251 2379 2
270 2334 383 2378 ‘tantum
397 2337 496 2389 metuo,
515 2345 546 2378 ne
558 2329 692 2379 artificium
705 2339 776 2380 tuum
789 2332 835 2381 tibi
847 2346 937 2396 parum
951 2329 1041 2396 prosit.
1067 2327 1142 2388 Nam,
1160 2327 1285 2384 alaudia,

175 2399 234 2448 istic
250 2413 314 2448 non
334 2414 371 2448 ex
391 2399 463 2450 iure
532 2400 705 2464 repetunt.'
737 2400 808 2450 Idem
821 2415 867 2466 pro
880 2400 986 2450 Murena
999 2399 1040 2458 14,
1055 2398 1089 2449 30
1113 2397 1235 2455 ‘etenim‚
1259 2403 1287 2444 ut

175 2470 211 2518 ait
226 2468 373 2534 ingeniosus
388 2471 464 2534 poeta
477 2475 502 2518 et
519 2477 606 2518 auctor
619 2468 695 2518 ualde
708 2470 807 2530 bonus,
838 2469 943 2535 proeliis
956 2467 1125 2534 promulgatis
1145 2465 1286 2532 pellitur

176 2555 189 2588 e
203 2537 374 2588 medionon
388 2539 471 2606 solum
487 2539 537 2588 ista
549 2545 635 2588 uestra
649 2539 759 2588 uerbosa
773 2539 901 2589 simulatio
914 2538 1064 2604 prudentiae
1079 2535 1215 2586 sedetiam
1229 2536 1288 2600 ipsa

176 2607 222 2658 illa
236 2608 435 2658 dominaremm
450 2607 631 2672 sapientia:
650 2608 821 2673 uigeritur
837 2623 898 2658 res.
918 2607 1092 2673 spernitur
1106 2613 1222 2654 orator
1236 2619 1286 2655 non

172 2677 257 2737 solum
281 2677 386 2727 odiosus
406 2677 559 2727 indicendo
580 2692 610 2726 ac
634 2677 742 2738 loquax,
770 2694 858 2728 nerum
881 2678 957 2726 etiam
984 2677 1105 2726 bonus:
1131 2674 1286 2724 horridus

174 2747 427 2796 milesamaturj
455 2748 575 2797 Vestrum
586 2761 647 2796 uero
659 2747 772 2797 studium
784 2756 863 2798 totum
880 2747 973 2796 iacet:⁹
994 2746 1115 2812 (bonus
1198 2744 1287 2794 iacet

175 2831 225 2865 om.
250 2814 372 2879 Helmst.)
405 2819 486 2866 ‘non
506 2831 545 2865 ex
564 2817 635 2865 iure
654 2831 780 2866 manum
800 2824 988 2867 consertum
1014 2816 1073 2866 sed
1095 2815 1181 2864 ferro
1205 2814 1287 2877 inquit

176 2901 241 2934 rem
260 2886 443 2949 repetunt’
514 2886 550 2935 lV
567 2885 657 2934 Festus
672 2901 698 2950 p.
714 2885 764 2936 249
778 2888 812 2937 Μ.
843 2886 964 2952 ‘puelli
985 2899 1031 2950 per
1052 2884 1287 2934 deminutionema

177 2955 265 3022 pueris
282 2954 345 3004 dicti
363 2961 430 3009 sunt.
457 2956 542 3018 itaque
560 2961 585 3005 et
605 2955 702 3005 Ennius
722 2956 771 3005 ait:
790 2957 883 3006 Poeni’
909 2971 932 3004 e.
946 2971 971 3018 q.
988 2970 1010 3004 s.
1042 2954 1136 3004 Paulus
1149 2969 1175 3020 p.
1187 2953 1239 3004 248
1251 2953 1285 3003 Μ.

173 3079 384 3091 -ι-ι--ιο

215 3145 269 3201 272
289 3143 392 3198 tollitur
408 3139 519 3215 Eupom.
530 3143 669 3214 plerique.
700 3145 842 3216 repellitur
856 3145 970 3218 Laqom.
985 3148 1012 3203 9.
1036 3146 1155 3201 bellatur
1170 3143 1286 3198 Hctmsl.

168 3227 317 3300 proMur.
404 3227 524 3298 sapienti
553 3225 630 3282 Voss.
647 3228 725 3285 (tellit
808 3231 836 3284 ui
857 3232 961 3302 geritur
980 3244 1044 3284 res:
1068 3229 1220 3300 spernitur]
1243 3228 1287 3283 ui-

175 3313 235 3385 geri
250 3318 341 3368 turres
357 3313 499 3384 spernitur
514 3311 602 3384 naqa
620 3311 699 3368 Gellii
732 3312 841 3369 uidetur
857 3315 996 3386 respuitur
1007 3330 1063 3384 pro
1076 3313 1155 3369 Mur.
1171 3312 1286 3380 Holmoi.

119 3423 121 3428 ·
174 3398 239 3470 aliq.
260 3396 339 3453 codd.
361 3399 475 3470 Lapom.
505 3396 615 3452 uidetur
635 3399 730 3468 respui
753 3396 898 3470 spernitur
926 3398 1025 3454 Satist.
1046 3397 1152 3454 ibidem.
1177 3397 1287 3451 uidetur

175 3483 302 3553 resperni
310 3483 371 3538 'stite
383 3481 493 3537 uidetur
504 3480 538 3534 R.
550 3499 579 3552 p.
592 3483 731 3552 spernitur
743 3485 828 3538 ceteri
837 3484 915 3540 codd.
929 3483 1042 3555 Lupum.
1134 3483 1187 3542 273
1202 3485 1288 3536 a'ma-

174 3572 217 3621 tur
240 3566 338 3621 Petou.
366 3560 432 3621 amit
458 3565 546 3637 Lupd.
571 3565 649 3621 Gellii
753 3570 805 3626 274
833 3567 913 3636 haut,
928 3569 998 3642 Rep.
1025 3567 1114 3640 Lttpd.
1139 3567 1217 3623 haud
1242 3581 1287 3622 ce-

176 3673 229 3726 teri
313 3670 366 3726 sed
387 3671 527 3727 Columna.
550 3686 602 3726 nec
624 3670 687 3727 titia
700 3672 843 3744 nisiquod
870 3655 888 3726 ri
916 3673 1006 3746 Lupct.
1116 3675 1170 3730 275
1198 3672 1288 3728 inimi·

176 3756 269 3810 citiam
290 3755 361 3810 libri.
393 3755 551 3809 inimicitias
572 3755 653 3826 ttulqo
759 3759 811 3816 276
833 3773 868 3811 ex
882 3773 927 3812 me
949 3758 1009 3812 iure
1030 3757 1117 3830 Lupo.
1203 3771 1288 3810 manu

176 3840 255 3896 Gellii
274 3839 344 3910 ch.
368 3839 445 3894 Voss.
469 3838 558 3910 and.
578 3837 710 3911 Marino.
731 3857 787 3912 pro
805 3840 883 3896 Mur.
908 3841 1007 3896 Soltsb.
1030 3841 1142 3914 tapom.
1167 3844 1201 3900 6⁵

174 3925 282 3980 Eadem
299 3926 371 3998 ,aris
388 3923 513 3996 formula
533 3928 646 3980 utuntur
668 3924 761 3980 Varro
780 3925 814 3980 dc
828 3925 861 3980 L.
873 3925 907 3981 L.
936 3925 978 3982 VI
991 3931 1026 3986 64
1051 3925 1093 3982 M.
1115 3925 1209 3982 Cicero
1229 3940 1287 3996 pro

175 4009 252 4066 Mur.
268 4016 311 4077 12,
328 4012 371 4068 26.
393 4009 427 4064 dc
441 4013 512 4064 orat.
528 4006 548 4062 I
560 4014 601 4076 10,
613 4013 647 4067 41
667 4009 744 4066 librae
763 4011 792 4065 in
805 4027 918 4066 manum
937 4016 964 4067 ct
978 4027 1063 4066 manu
1077 4010 1178 4083 formis
1193 4009 1286 4066 diuer-

173 4095 296 4166 peatilms
381 4093 473 4165 magis
495 4093 569 4146 terro
589 4092 663 4149 Med.
688 4095 727 4150 orl
746 4093 818 4166 fam.
849 4095 940 4166 magis
961 4112 1055 4150 errore
1077 4094 1141 4150 libri
1162 4093 1286 4150 Gallioni.

175 4179 266 4250 magis
290 4195 342 4234 om.
368 4178 422 4235 Cic.
441 4194 499 4249 pro
520 4177 598 4234 Mur.
702 4181 753 4237 277
783 4180 824 4234 rei
845 4185 974 4249 repetunt
996 4179 1074 4236 Gellii
1094 4177 1171 4234 Voss.
1188 4177 1286 4234 Perae.

176 4261 306 4334 Maptiab.
335 4263 474 4334 reipetunt
491 4261 561 4334 Rep.
578 4261 666 4334 bapti.
683 4263 761 4319 Gellii
845 4263 966 4320 solidani
993 4263 1071 4320 Voss.
1083 4263 1182 4318 Petra.
1205 4265 1286 4318 solita

177 4346 270 4402 iucum
283 4345 371 4420 Lupo.
394 4347 475 4404 solita
488 4347 582 4404 uicum
598 4345 669 4421 Rep-
685 4347 748 4404 uide
761 4364 851 4423 supro
955 4351 1009 4410 278
1028 4348 1114 4404 Poeni
1129 4363 1197 4406 suos
1212 4347 1286 4404 soliti
