2984 5048
572 442 814 513 ennrovrnn
1190 428 1251 496 137

240 614 416 687 Praeterea
435 615 477 685 ad
491 614 621 687 Troiam
640 633 714 682 cum
733 609 807 680 misi
825 610 868 680 ob
888 609 1126 680 defendendam
1142 609 1251 681 Grae'-

162 780 167 789 c
514 737 518 746 ⁴
802 735 895 798 cram,

241 819 372 893 Scibam
401 820 516 890 mein
547 820 752 889 mortiferum
787 815 925 900 bellum,
963 815 1030 886 min
1064 815 1098 884 in
1134 814 1250 906 epulas

180 931 182 934 ’
776 918 940 989 mittere.

660 1039 708 1109 IV

241 1139 341 1228 More
364 1158 499 1256 antiquo
524 1157 645 1230 audibo
675 1160 775 1249 atque
799 1154 904 1326 purisd
921 1153 978 1325 tpbi
1003 1133 1118 1224 contra
1148 1157 1250 1223 uten-

822 1277 859 1326 as
905 1279 979 1326 ao.

677 1378 710 1448 V

144 1524 211 1586 365
238 1514 357 1584 Scibas
383 1517 497 1584 natum
522 1515 702 1607 ingenuum
722 1514 877 1598 Aiacem,
909 1513 1020 1583 cuitu
1044 1512 1250 1614 obsidionem

798 1638 907 1707 paras.

669 1734 718 1804 VI

241 1871 322 1938 Nam
345 1869 390 1938 ita
414 1869 490 1940 mihi
509 1867 697 1940 Teiambnis
721 1870 841 1962 patriS,
856 1869 927 1984 aui
948 1868 1051 1939 Ae'aci
1079 1872 1111 1936 et
1130 1869 1251 1960 proaui

240 2073 342 2144 Grata
369 2077 421 2144 est
448 2031 685 2168 gratia'atque
710 2073 775 2144 boc
795 1972 909 2246 Ιίῗιιξίη
942 2073 1115 2144 candidum
1147 2071 1248 2142 claret

802 2199 844 2246 mr
869 2199 888 2247 1.

135 2379 212 2428 Tuse.
227 2377 294 2444 disp.
312 2379 348 2426 ΙΙΙ
363 2377 404 2438 13,
417 2377 451 2429 28
470 2378 602 2428 ‘uidentur
619 2373 688 2428 enim
702 2379 789 2428 omnia
802 2378 935 2444 repentina
951 2377 1079 2444 grauiora.
1109 2375 1148 2424 Ex
1162 2375 1212 2424 hoc
1225 2383 1250 2424 et

136 2447 183 2497 illa
196 2448 251 2496 inre
266 2446 415 2497 laudantur:
435 2463 493 2513 ego
508 2449 589 2497 cum'
609 2463 632 2496 e.
650 2463 674 2510 q.
692 2463 713 2496 e.
740 2447 839 2497 Ibidem
853 2449 896 2506 24,
913 2447 947 2498 58
967 2451 1058 2508 ‘atque
1077 2443 1126 2493 hoc
1142 2444 1210 2494 idem
1225 2453 1249 2494 et

136 2517 266 2568 Telamo
288 2517 332 2566 iiie
348 2516 460 2568 declarat
481 2515 569 2582 [3611’
592 2516 699 2581 (Totum
711 2531 815 2566 uersum
828 2515 950 2566 exhibent
964 2515 1044 2566 Marb.
1059 2513 1149 2562 Duisb.
1164 2511 1246 2562 Oxou.

135 2601 214 2646 unus,
234 2594 258 2635 ct
271 2587 358 2636 uerbis
372 2587 469 2651 genui
541 2585 662 2635 sustuli
676 2601 710 2634 m.
726 2585 769 2636 alt.
785 2586 905 2650 ascriptis
919 2585 982 2650 Reg.
999 2598 1056 2648 ego
1072 2598 1140 2631 oum
1153 2585 1249 2647 genui

138 2657 328 2705 moriturum
342 2656 429 2704 sciui
442 2655 539 2705 Vindd.
557 2655 656 2706 Monac.
672 2654 688 2703 b
703 2654 785 2705 Rehd.
801 2662 826 2704 et
839 2653 935 2704 additis
948 2669 982 2702 m.
1000 2652 1043 2702 alt.
1059 2653 1248 2706 moriturum

138 2725 223 2774 sciui
243 2725 319 2774 Bern.
342 2739 400 2790 ego
420 2739 487 2774 cnm
507 2725 604 2790 genui
624 2721 714 2787 ceteri)
747 2723 844 2775 Seneca
862 2723 895 2773 ad
908 2723 997 2788 Polyb.
1018 2722 1050 2772 de
1067 2736 1137 2770 cons.
1160 2719 1201 2781 11,
1215 2721 1249 2772 30

140 2797 248 2856 ‘quanto
262 2793 306 2843 iiie
318 2793 423 2854 iustior,
444 2793 488 2857 qui
503 2796 619 2844 nuntiata
631 2792 677 2842 fllii
692 2801 773 2843 morte
785 2793 890 2860 dignam
904 2806 998 2858 magno
1010 2792 1066 2842 uiro
1082 2805 1171 2840 uocem
1186 2791 1248 2839 emi-

139 2864 185 2912 sit:
210 2877 268 2929 ego
352 2863 446 2912 sciui.
482 2863 589 2914 Prorsus
605 2877 655 2912 non
672 2863 773 2913 mireris
794 2879 826 2914 ex
846 2862 895 2912 hoc
914 2870 1000 2912 natum
1015 2877 1073 2912 esse
1087 2861 1131 2923 qui
1151 2859 1250 2910 fortiter

140 2933 202 2981 mori
222 2939 309 2998 posset
382 2948 438 2998 ego
513 2934 606 2982 sciui.
640 2931 738 2982 Deinde
758 2932 852 2982 adiecit
866 2947 918 2982 rem
933 2931 1038 2981 maioris
1057 2938 1081 2981 et
1097 2929 1249 2996 prudentiae

140 3010 163 3052 et
178 3003 270 3050 animi:
296 3009 325 3051 et
343 3001 418 3050 huic
438 3002 484 3052 rei
505 3002 646 3052 sustuli.'
676 3001 768 3052 Fronto
783 3003 815 3053 de
829 3001 897 3052 bello
911 3001 997 3050 Parthi
1012 3017 1038 3068 p.
1055 2998 1105 3050 199
1118 3000 1159 3050 ed.
1173 3000 1247 3049 Rom.

139 3071 202 3137 (105
215 3068 305 3134 Nieb.)
326 3073 373 3120 ‘an
386 3077 518 3121 cunctetur
531 3072 563 3122 de
577 3070 701 3121 militibus
715 3073 809 3121 nostris
823 3071 891 3121 Mars
905 3079 979 3136 pater
994 3071 1039 3122 ilia
1053 3069 1157 3120 dicere?
1173 3067 1247 3134 [361]

139 3142 313 3191 Praeterea
329 3155 399 3190 cum
414 3142 453 3190 in'
472 3141 528 3207 (ob
546 3137 619 3206 cod)
644 3143 783 3191 ‘terrarum
802 3142 890 3192 orbem
913 3141 989 3190 misi
1008 3141 1045 3189 ob
1066 3137 1249 3192 detenden-

140 3211 208 3260 dum
222 3211 373 3275 imperium,
393 3210 524 3260 Scibam
538 3212 630 3262 mein
643 3210 819 3260 mortifera
834 3211 935 3261 bella'
952 3226 975 3260 e.
992 3225 1016 3272 q.
1032 3224 1053 3257 s.
1075 3207 1153 3256 ‘haec
1168 3208 1248 3259 uerba

140 3281 240 3332 Telamo
256 3280 367 3330 Troiano
386 3281 454 3330 bello
471 3280 503 3330 de
515 3282 569 3330 suis
587 3280 678 3330 liberis
691 3280 771 3329 semel
785 3280 900 3329 elocutus
917 3279 973 3328 est.’
1007 3279 1155 3328 Ciceronem
1169 3278 1245 3327 Tuae.

140 3351 202 3415 disp.
212 3351 248 3398 111
256 3350 297 3410 14,
304 3349 338 3400 30
353 3357 455 3400 secutus
465 3351 635 3415 Hieronymus
644 3349 766 3415 upitaph.
774 3349 909 3414 Nepotiani
923 3365 949 3414 p.
957 3347 1008 3400 592
1018 3346 1097 3413 Mign.
1115 3347 1173 3396 ‘ubi
1183 3347 1249 3397 iliud

140 3419 169 3468 ab
179 3418 289 3468 infautia
296 3419 409 3468 studium
419 3419 559 3469 litterarum
573 3428 597 3470 et
607 3421 778 3485 Anaxagorae
790 3435 820 3469 ac
829 3419 959 3468 Telamo
968 3419 1017 3467 nis
1031 3432 1134 3482 semper
1145 3416 1249 3466 laudata

141 3487 275 3538 sementia:
296 3489 438 3538 sciebam
456 3505 502 3538 me
520 3488 874 3555 genuissemortalem.'
945 3489 980 3538 lv
1000 3487 1098 3538 Nouius
1112 3502 1137 3551 p.
1154 3485 1246 3546 506,1

143 3556 274 3606 ‘audibo
290 3558 463 3624 procudiam.
490 3559 588 3608 Ennius
600 3559 805 3608 Telamone...'
875 3559 899 3606 V
919 3558 1009 3608 Festus
1024 3573 1050 3624 p.
1064 3554 1113 3606 198
1123 3556 1157 3604 Μ.
1178 3556 1248 3605 ‘ob-

142 3625 299 3676 sidionem
323 3627 409 3691 potius
429 3626 565 3676 dicendum
585 3643 642 3677 esse
663 3643 739 3689 quam
762 3627 892 3679 obsidium
916 3627 1021 3676 adiuuat
1039 3641 1085 3676 nos
1102 3625 1246 3674 testimonio

142 3711 183 3746 sno
195 3695 293 3746 Ennius
305 3696 332 3744 in
347 3694 500 3756 Telamone,
520 3710 597 3760 quom
610 3697 646 3745 ait
661 3697 717 3745 ...'
788 3696 824 3744 Vl
843 3695 941 3745 Nonius
956 3710 982 3760 p.
998 3695 1041 3755 85,
1056 3696 1090 3746 23
1110 3693 1246 3753 ‘claret,

177 3939 228 3995 362
250 3933 344 4002 missi,
365 3935 459 3990 redut
470 3938 551 4006 prior
566 3955 579 3992 s
594 3935 722 3992 uideatur
738 3935 825 3990 deleto
840 3949 907 4005 esse,
929 3935 1034 3992 Fronto
1110 3939 1172 3994 ’363
1194 3935 1247 3989 sci-

141 4023 198 4076 bam
213 4019 329 4076 Fronto.
356 4019 480 4075 sciebam
498 4020 637 4077 Ciceronis
657 4020 722 4076 nori
787 4025 857 4079 ·364
879 4027 960 4093 atque
975 4020 1074 4076 Bomb.
1097 4035 1188 4090 neque
1203 4032 1245 4073 ce-

142 4107 188 4160 ari
200 4104 264 4159 libri
347 4104 467 4160 utendos
482 4105 581 4160 Bamb.
668 4109 720 4164 366
740 4105 785 4160 aui
805 4105 893 4160 Aeaci
909 4103 1049 4176 Berpln'ns
1063 4103 1136 4159 Mus.
1154 4102 1245 4159 Bbcn.

145 4191 205 4246 18³5
221 4206 253 4260 p.
277 4190 321 4246 73.
344 4181 483 4260 aiquetaei
505 4189 569 4245 libri
651 4190 724 4244 tonis
745 4187 822 4243 Leia.
908 4190 960 4247 367
989 4196 1069 4260 grata
1092 4194 1135 4243 est
1156 4175 1283 4260 gratia⁴

144 4272 170 4326 G.
186 4271 365 4329 Hermannns
383 4273 483 4347 Opnac.
507 4272 569 4330 VII
583 4279 645 4334 380.
670 4275 760 4346 gratia
783 4289 818 4328 ea
839 4280 882 4329 est
900 4273 969 4330 libri.
993 4274 1082 4346 gratia
1104 4277 1185 4346 grata
1202 4279 1246 4329 est

144 4355 244 4414 uotae
999 4372 1031 4382 ‘¹
1090 4379 1094 4384 ’
1169 4393 1178 4400 -
